%% This BibTeX bibliography file was created using BibDesk.
%% https://bibdesk.sourceforge.io/

%% Created for wei at 2022-11-27 17:27:34 +0800 


%% Saved with string encoding Unicode (UTF-8) 



@article{agam2012,
	author = {Agam, N and Evett, S R and Tolk, J A and Kustas, W P and Colaizzi, P D and Alfieri, J G and Mckee, L G and Copeland, K S and Howell, T A and Chavez, J L},
	journal = {Advance Water Resource},
	pages = {20--30},
	title = {Evaporative loss from irrigated interrows in a highly advective semi-arid agricultural area},
	volume = {50},
	year = {2012},
	bdsk-url-1 = {https://doi.org/10.1016/j.advwatres.2012.07.010}}

@article{allen2005,
	author = {Allen, Christopher B and Will, Rodney E and Jacobson, Marshall A},
	journal = {Forest Science},
	number = {6},
	pages = {556--569},
	publisher = {Oxford University Press},
	title = {Production efficiency and radiation use efficiency of four tree species receiving irrigation and fertilization},
	volume = {51},
	year = {2005},
        doi = {10.1093/forestscience/51.6.556}
}

@article{allen2011,
	author = {Allen, L and Lindberg, Fredrik and Grimmond, CSB},
	journal = {International Journal of Climatology},
	number = {13},
	pages = {1990--2005},
	title = {Global to city scale urban anthropogenic heat flux: model and variability},
	volume = {31},
	year = {2011},
    doi = {10.1002/joc.2210}
}

@article{amenu2008,
	author = {Amenu, GG and Kumar, P},
	journal = {Hydrology and Earth System Sciences},
	number = {1},
	pages = {55--74},
	title = {A model for hydraulic redistribution incorporating coupled soil-root moisture transport},
	volume = {12},
	year = {2008},
        doi = {10.5194/hess-12-55-2008}
}

@incollection{atkin2017,
	author = {Atkin, Owen K and Bahar, Nur HA and Bloomfield, Keith J and Griffin, Kevin L and Heskel, Mary A and Huntingford, Chris and Torre, Alberto Martinez de la and Turnbull, Matthew H},
	booktitle = {Plant respiration: metabolic fluxes and carbon balance},
	pages = {107--142},
	publisher = {Springer},
	title = {Leaf respiration in terrestrial biosphere models},
	year = {2017}}

@article{audusse2004wellbalanced,
        author = {Audusse, Emmanuel and Bouchut, Fran\c{c}ois and Bristeau, Marie-Odile and Klein, Rupert and Perthame, Beno\i{}‚ÅÅt},
        title = {A Fast and Stable Well-Balanced Scheme with Hydrostatic Reconstruction for Shallow Water Flows},
        journal = {SIAM Journal on Scientific Computing},
        volume = {25},
        number = {6},
        pages = {2050-2065},
        year = {2004}}

@article{balland2005,
  author = {Balland, Vincent and Arp, Paul A},
  journal = {Journal of Environmental Engineering and Science},
  number = {6},
  pages = {549--558},
  title = {Modeling soil thermal conductivities over a wide range of conditions},
  volume = {4},
  year = {2005},
  doi = {10.1139/s05-007}
}

@article{bates2010,
  author = {Bates, Paul D and Horritt, Matthew S and Fewtrell, Timothy J},
  journal = {Journal of Hydrology},
  number = {1--2},
  pages = {33--45},
  title = {A simple inertial formulation of the shallow water equations for efficient two-dimensional flood inundation modelling},
  volume = {387},
  year = {2010},
  doi = {10.1016/j.jhydrol.2010.03.027}
}

@article{beck2018,
  author = {Beck, Hylke E and Zimmermann, Niklaus E and McVicar, Tim R and Vergopolan, Noemi and Berg, Alexis and Wood, Eric F},
  journal = {Scientific Data},
  number = {1},
  pages = {1--12},
  title = {Present and future {K\"o}ppen-{G}eiger climate classification maps at 1-km resolution},
  volume = {5},
  year = {2018},
  doi = {10.1038/sdata.2018.214}
}

@article{boulange2021,
  author = {Boulange, Julien and Hanasaki, Naota and Yamazaki, Dai and Pokhrel, Yadu},
  journal = {Nature Communications},
  number = {1},
  pages = {1--7},
  title = {Role of dams in reducing global flood exposure under climate change},
  volume = {12},
  year = {2021}
}

@article{campbell1974,
  author = {Campbell, Gaylon S},
  journal = {Soil Science},
  number = {6},
  pages = {311--314},
  title = {A simple method for determining unsaturated conductivity from moisture retention data},
  volume = {117},
  doi = {10.1097/00010694-197406000-00001},
  year = {1974}
}

@article{choudhury1988,
  author = {Choudhury, B J and Monteith, J L},
  journal = {Quarterly Journal of the Royal Meteorological Society},
  number = {480},
  pages = {373--398},
  title = {A four-layer model for the heat budget of homogeneous land surfaces},
  volume = {114},
  year = {1988},
  doi = {10.1002/qj.49711448006}
}

@article{collatz1991,
  author = {Collatz, G James and Ball, J Timothy and Grivet, Cyril and Berry, Joseph A},
  journal = {Agricultural and Forest Meteorology},
  number = {2--4},
  pages = {107--136},
  title = {Physiological and environmental regulation of stomatal conductance, photosynthesis and transpiration: a model that includes a laminar boundary layer},
  volume = {54},
  year = {1991},
  doi = {10.1016/0168-1923(91)90002-8}
}

@article{collatz1992,
  author = {Collatz, G James and Ribas-Carbo, Miquel and Berry, Joseph A},
  journal = {Functional Plant Biology},
  number = {5},
  pages = {519--538},
  title = {Coupled photosynthesis-stomatal conductance model for leaves of {C}4 plants},
  volume = {19},
  year = {1992},
  doi = {10.1071/PP9920519}
}

@article{cote2005,
  author = {C{\^o}t{\'e}, Jean and Konrad, Jean-Marie},
  journal = {Canadian Geotechnical Journal},
  number = {2},
  pages = {443--458},
  title = {A generalized thermal conductivity model for soils and construction materials},
  volume = {42},
  year = {2005},
  doi = {10.1139/t04-106}
}

@article{cowan1968mass,
	author = {Cowan, IR},
	journal = {Quarterly Journal of the Royal Meteorological Society},
	number = {402},
	pages = {523--544},
	publisher = {Wiley Online Library},
	title = {Mass, heat and momentum exchange between stands of plants and their atmospheric environment},
	volume = {94},
	year = {1968},
    doi = {10.1002/qj.49709440208}
}

@article{dai2004two,
	author = {Dai, Yongjiu and Dickinson, Robert E and Wang, Ying-Ping},
	journal = {Journal of Climate},
	number = {12},
	pages = {2281--2299},
	title = {A two-big-leaf model for canopy temperature, photosynthesis, and stomatal conductance},
	volume = {17},
	year = {2004},
    doi={10.1175/1520-0442(2004)017<2281:ATMFCT>2.0.CO;2}}

@article{dai2019parameters,
	author = {Dai, Yongjiu and Xin, Qinchuan and Wei, Nan and Zhang, Yonggen and Shangguan, Wei and Yuan, Hua and Zhang, Shupeng and Liu, Shaofeng and Lu, Xingjie},
	journal = {Journal of Advances in Modeling Earth Systems},
	number = {9},
	pages = {2996--3023},
	publisher = {Wiley Online Library},
	title = {A Global High-Resolution Data Set of Soil Hydraulic and Thermal Properties for Land Surface Modeling},
	volume = {11},
	year = {2019},
    doi = {10.1029/2019MS001784}}

@article{dai2019evaluation,
	author = {Dai, Yongjiu and Wei, Nan and Yuan, Hua and Zhang, Shupeng and Shangguan, Wei and Liu, Shaofeng and Lu, Xingjie and Xin, Yufei},
	journal = {Journal of Advances in Modeling Earth Systems},
	number = {11},
	pages = {3454--3473},
	publisher = {Wiley Online Library},
	title = {Evaluation of soil thermal conductivity schemes for use in land surface modeling},
	volume = {11},
	year = {2019},
    doi = {10.1029/2019MS001723}}

@article{dai2019global,
	author = {Dai, Yongjiu and Xin, Qinchuan and Wei, Nan and Zhang, Yonggen and Shangguan, Wei and Yuan, Hua and Zhang, Shupeng and Liu, Shaofeng and Lu, Xingjie},
	journal = {Journal of Advances in Modeling Earth Systems},
	number = {9},
	pages = {2996--3023},
	publisher = {Wiley Online Library},
	title = {A global high-resolution data set of soil hydraulic and thermal properties for land surface modeling},
	volume = {11},
	year = {2019},
    doi = {10.1029/2019MS001784}}

@article{dai2019different,
	author = {Dai, Yongjiu and Yuan, Hua and Xin, Qinchuan and Wang, Dagang and Shangguan, Wei and Zhang, Shupeng and Liu, Shaofeng and Wei, Nan},
	journal = {Agricultural and Forest Meteorology},
	pages = {119--135},
	publisher = {Elsevier},
	title = {Different representations of canopy structure{\textemdash}{{A}} large source of uncertainty in global land surface modeling},
	volume = {269--270},
        doi = {10.1016/j.agrformet.2019.02.006},
	year = {2019}
}

@article{dai2019vsf,
        author = {Dai, Yongjiu and Zhang, Shupeng and Yuan, Hua and Wei, Nan},
        title = {Modeling Variably Saturated Flow in Stratified Soils With Explicit Tracking of Wetting Front and Water Table Locations},
        journal = {Water Resources Research},
        volume = {55},
        number = {10},
        pages = {7939-7963},
        year = {2019},
        doi = {10.1029/2019WR025368}
}

@incollection{de1963thermal,
    author = {de Vries, Daniel A},
    title = {Thermal properties of soils},
    booktitle = {Physics of Plant Environment},
    publisher = {North-Holland Publishing Co.},
    year = {1963}
}

@article{defries2000new,
	author = {Defries, Ruth S and Hansen, Michelle C and Townshend, John RG and Janetos, AC and Loveland, Thomas R},
	journal = {Global Change Biology},
	number = {2},
	pages = {247--254},
	publisher = {Wiley Online Library},
	title = {A new global 1-km dataset of percentage tree cover derived from remote sensing},
	volume = {6},
    doi = {10.1046/j.1365-2486.2000.00296.x},
	year = {2000}}

@article{demuzere2022global,
  title={A global map of Local Climate Zones to support earth system modelling and urban scale environmental science},
  author={Demuzere, Matthias and Kittner, Jonas and Martilli, Alberto and Mills, Gerald and Moede, Christian and Stewart, Iain D and van Vliet, Jasper and Bechtel, Benjamin},
  journal={Earth System Science Data},
  volume={14},
  pages={3835--3873},
  year={2022},
  doi = {10.5194/essd-14-3835-2022}
}

@article{dickinson2008determination,
	author = {Dickinson, Robert E},
	journal = {Journal of Computational Physics},
	number = {7},
	pages = {3667--3677},
	publisher = {Elsevier},
	title = {Determination of the multi-scattered solar radiation from a leaf canopy for use in climate models},
	volume = {227},
    doi = {10.1016/j.jcp.2007.12.010},
	year = {2008}}

@Techreport{dickinson1986biosphere,
  author = {Dickinson, Robert Earl},
  title = {Biosphere-atmosphere transfer scheme ({BATS}) for the {NCAR} community climate model},
  institution = {National Center for Atmospheric Research},
  address = {Boulder, CO, United States}
,
  type = {Technical note},
  number = {NCAR/TN-275+STR},
  year = {1986}
}

@incollection{dickinson1983land,
	author = {Dickinson, Robert E},
	booktitle = {Advances in Geophysics},
	pages = {305--353},
	publisher = {Elsevier},
	title = {Land surface processes and climate---Surface albedos and energy balance},
	volume = {25},
	year = {1983},
    doi = {10.1016/S0065-2687(08)60176-4}
}

@article{dickinson2008three,
	author = {Dickinson, Robert E and Zhou, Liming and Tian, Yuhong and Liu, Qing and Lavergne, Thomas and Pinty, Bernard and Schaaf, Crystal B and Knyazikhin, Yuri},
	journal = {Journal of Geophysical Research: Atmospheres},
	number = {D20},
	publisher = {Wiley Online Library},
	title = {A three-dimensional analytic model for the scattering of a spherical bush},
	volume = {113},
    doi = {10.1029/2007JD009564},
	year = {2008}}

@Techreport{dickinson1993biosphere,
    author = {Dickinson, Robert Earl and Kennedy, P. J. and {Henderson-Sellers}, Ann},
    institution = {National Center for
Atmospheric Researc},
    address = {Boulder, CO, United States},
    title = {Biosphere atmosphere transfer scheme ({BATS}) version le as coupled to the {NCAR} community climate model},
    type={Technical note},
    number = {NCAR/TN-387+STR},
    year = {1993}
}

@article{DiMiceli2015,
	author = {DiMiceli, C. and Carroll, M. and Sohlberg, R. and Kim, D. H. and Kelly, M. and Townshend, J. R. G.},
	journal = {NASA EOSDIS Land Processes DAAC.},
	title = {{MOD44B} {MODIS}/{T}erra vegetation continuous fields yearly {L}3 global 250m {SIN} grid {V}006},
	year = {2015},
    Doi  = {10.5067/MODIS/MOD44B.006}}

@article{farouki1981thermal,
	author = {Farouki, Omar T},
	journal = {Cold Regions Science and Technology},
	number = {1},
	pages = {67--75},
	publisher = {Elsevier},
	title = {The thermal properties of soils in cold regions},
	volume = {5},
    doi = {10.1016/0165-232X(81)90041-0},
	year = {1981}}

@article{du1999siam,
        author = {Du, Qiang and Faber, Vance and Gunzburger, Max},
        title = {Centroidal Voronoi Tessellations: Applications and Algorithms},
        journal = {SIAM Review},
        volume = {41},
        number = {4},
        pages = {637-676},
        year = {1999},
        doi = {10.1137/S0036144599352836}
}

@article{dyer1974review,
  title={A review of flux-profile relationships},
  author={Dyer, AJ},
  journal={Boundary-Layer Meteorology},
  volume={7},
  pages={363--372},
  year={1974},
  publisher={Springer},
  doi={10.1007/BF00240838}
}

@inproceedings{Garratt1992TheAB,
  title={The Atmospheric Boundary Layer},
  author={Garratt, J.R.},
  year={1992},
  publisher={Cambridge University Press}
}

@misc{fao2014aquastat,
  title={{AQUASTAT} database, {F}ood and {A}griculture {O}rganization of the {U}nited {N}ations ({FAO})},
  note={\url{http://www.fao.org/nr/water/aquastat/data/query/index.html?lang=en} (last access: 18 October 2014)},
  author={FAO},
  year={2014}
}

@article{farquhar1980biochemical,
  author = {Farquhar, Graham D and von Caemmerer, S von and Berry, Joe A},
  journal = {Planta},
  number = {1},
  pages = {78--90},
  publisher = {Springer},
  title = {A biochemical model of photosynthetic {CO}$_2$ assimilation in leaves of {C}3 species},
  volume = {149},
  doi = {10.1007/BF00386231},
  year = {1980}
}

@article{fick2017worldclim,
	author = {Fick, Stephen E and Hijmans, Robert J},
	journal = {International Journal of Climatology},
	number = {12},
	pages = {4302--4315},
	publisher = {Wiley Online Library},
	title = {World{C}lim 2: new 1-km spatial resolution climate surfaces for global land areas},
	volume = {37},
    doi = {10.1002/joc.5086},
	year = {2017}}

@article{Friedl2019,
	author = {Friedl, M. and Sulla-Menashe, D.},
	journal = {NASA EOSDIS Land Processes DAAC},
	publisher = {Retrieved from https://lpdaac.usgs.gov/node/1260},
	title = {{MCD12Q1} {MODIS}/{T}erra+{A}qua {L}and {C}over {T}ype {Y}early {L}3 {G}lobal 500m {SIN} {G}rid {V}006},
	year = {2019},
    doi = {10.5067/MODIS/MCD12Q1.006}}

@article{gentine2016allometry,
	author = {Gentine, Pierre and Gu{\'e}rin, Marceau and Uriarte, Mar{\'\i}a and McDowell, Nate G and Pockman, Willam T},
	journal = {Ecohydrology},
	number = {3},
	pages = {529--546},
	publisher = {Wiley Online Library},
	title = {An allometry-based model of the survival strategies of hydraulic failure and carbon starvation},
	volume = {9},
	year = {2016},
        doi = {10.1002/eco.1654}
}

@book{goudriaan1977crop,
	author = {Goudriaan, Jan},
	publisher = {Wageningen University and Research},
	title = {Crop micrometeorology: a simulation study},
	year = {1977}}

@Techreport{Hallenbeck1997,
	author = {Hallenbeck, M.E. and Rice, M. And Smith, B. and Cornell-Martinez, C. and Wilkinson, J},
	institution = {United States. Federal Highway Administration},
	
	title = {Vehicle Volume Distributions by Classifications},
    number = {FHWA-PL-97-025},
	year = {1997},
    type={Technical note},
    note = {avalable at \url{https://rosap.ntl.bts.gov/view/dot/48834}, last accessed on 23 January, 2024}}

@article{hanasaki2006reservoir,
	author = {Hanasaki, Naota and Kanae, Shinjiro and Oki, Taikan},
	journal = {Journal of Hydrology},
	number = {1-2},
	pages = {22--41},
	publisher = {Elsevier},
	title = {A reservoir operation scheme for global river routing models},
	volume = {327},
	year = {2006},
        doi = {10.1016/j.jhydrol.2005.11.011}
}

@article{hanazaki2022development,
	author = {Hanazaki, Risa and Yamazaki, Dai and Yoshimura, Kei},
	journal = {Journal of Advances in Modeling Earth Systems},
	number = {3},
	pages = {e2021MS002944},
	publisher = {Wiley Online Library},
	title = {Development of a Reservoir Flood Control Scheme for Global Flood Models},
	volume = {14},
	year = {2022},
        doi = {10.1029/2021MS002944}
}

@article{huang2018matrix,
	author = {Huang, Yuanyuan and Lu, Xingjie and Shi, Zheng and Lawrence, David and Koven, Charles D and Xia, Jianyang and Du, Zhenggang and Kluzek, Erik and Luo, Yiqi},
	journal = {Global Change Biology},
	number = {3},
	pages = {1394--1404},
	publisher = {Wiley Online Library},
	title = {Matrix approach to land carbon cycle modeling: A case study with the {C}ommunity {L}and {M}odel},
	volume = {24},
	year = {2018},
        doi = {10.1111/gcb.13948}
}

@article{inoue1963turbulent,
	author = {Inoue, Eiichi},
	journal = {Journal of the Meteorological Society of Japan. Ser. II},
	number = {6},
	pages = {317--326},
	publisher = {Meteorological Society of Japan},
	title = {On the turbulent structure of airflow within},
	volume = {41},
	year = {1963},
    doi = {10.2151/jmsj1923.41.6_317}}

@article{jackson2010parameterization,
  title={Parameterization of urban characteristics for global climate modeling},
  author={Jackson, Trisha L and Feddema, Johannes J and Oleson, Keith W and Bonan, Gordon B and Bauer, John T},
  journal={Annals of the Association of American Geographers},
  volume={100},
  number={4},
  pages={848--865},
  year={2010},
  publisher={Taylor \& Francis},
  doi = {10.1080/00045608.2010.497328}
}

@article{jagermeyr2015irrigation,
        author = {J√§germeyr, J and Gerten, D. and Heinke, J. and Schaphoff, S. and Kummu, M. and Lucht, W.},
        journal = {Hydrology and Earth System Sciences},
        number = {7},
        pages = {3073--3091},
        publisher = {Copernicus GmbH},
        title = {Water savings potentials of irrigation systems: global simulation of processes and linkages},
        volume = {19},
        year = {2015},
        doi = {10.5194/hess-19-3073-2015}
}

@article{jenkinson2008turnover,
  title={The turnover of organic carbon in subsoils. {{Part}} 2. {{Modelling}} carbon turnover},
  author={Jenkinson, DS and Coleman, K},
  journal={European Journal of Soil Science},
  volume={59},
  number={2},
  pages={400--413},
  doi = {10.1111/j.1365-2389.2008.01026.x},
  year={2008}}

@phdthesis{Johansen1975,
  author = {Johansen, O.},
  title = {Thermal conductivity of soils},
  school  = {University of Trondheim},
  year    = {1975},
  pages = {236},
  publisher = {Available from Universitets‚Äêbiblioteket iTrondheim, H{\o}gskoleringen 1, 7034 Trondheim, Norway}
}

@article{kennedy2019implementing,
	author = {Kennedy, Daniel and Swenson, Sean and Oleson, Keith W and Lawrence, David M and Fisher, Rosie and Lola da Costa, Antonio Carlos and Gentine, Pierre},
	journal = {Journal of Advances in Modeling Earth Systems},
	number = {2},
	pages = {485--513},
	publisher = {Wiley Online Library},
	title = {Implementing plant hydraulics in the {C}ommunity {L}and {M}odel, version 5},
	volume = {11},
	year = {2019},
        doi = {10.1029/2018MS001500}
}

@article{klein2014variability,
	author = {Klein, Tamir},
	journal = {Functional Ecology},
	number = {6},
	pages = {1313--1320},
	publisher = {Wiley Online Library},
	title = {The variability of stomatal sensitivity to leaf water potential across tree species indicates a continuum between isohydric and anisohydric behaviours},
	volume = {28},
	year = {2014},
        doi = {10.1111/1365-2435.12289}
}

@article{kondo1971relationship,
	author = {Kondo, Junsei},
	journal = {Journal of the Meteorological Society of Japan. Ser. II},
	number = {2},
	pages = {121--124},
	publisher = {Meteorological Society of Japan},
	title = {Relationship between the roughness coefficient and other aerodynamic parameters},
	volume = {49},
	year = {1971},
    doi = {10.2151/JMSJ1965.49.2_121}}

@article{kourzeneva2012global,
	author = {Kourzeneva, Ekaterina and Asensio, Hermann and Martin, Eric and Faroux, Stephanie},
	journal = {Tellus A: Dynamic Meteorology and Oceanography},
	number = {1},
	pages = {15640},
	publisher = {Taylor \& Francis},
	title = {Global gridded dataset of lake coverage and lake depth for use in numerical weather prediction and climate modelling},
	volume = {64},
	year = {2012},
        doi = {10.3402/tellusa.v64i0.15640}
}

@article{koven2015permafrost,
	author = {Koven, Charles D and Lawrence, David M and Riley, William J},
	journal = {Proceedings of the National Academy of Sciences},
	number = {12},
	pages = {3752--3757},
	publisher = {National Acad Sciences},
	title = {Permafrost carbon--climate feedback is sensitive to deep soil carbon decomposability but not deep soil nitrogen dynamics},
	volume = {112},
	year = {2015},
        doi = {10.1073/pnas.1415123112}
}

@article{koven2011permafrost,
	author = {Koven, Charles D and Ringeval, Bruno and Friedlingstein, Pierre and Ciais, Philippe and Cadule, Patricia and Khvorostyanov, Dmitry and Krinner, Gerhard and Tarnocai, Charles},
	journal = {Proceedings of the National Academy of Sciences},
	number = {36},
	pages = {14769--14774},
	publisher = {National Acad Sciences},
	title = {Permafrost carbon-climate feedbacks accelerate global warming},
	volume = {108},
	year = {2011},
        doi = {10.1073/pnas.1103910108}
}

@article{koven2009formation,
	author = {Koven, C and Friedlingstein, P and Ciais, P and Khvorostyanov, D and Krinner, G and Tarnocai, C},
	journal = {Geophysical Research Letters},
	number = {21},
	publisher = {Wiley Online Library},
	title = {On the formation of high-latitude soil carbon stocks: Effects of cryoturbation and insulation by organic matter in a land surface model},
	volume = {36},
	year = {2009},
        doi = {10.1029/2009GL040150}
}

@article{koven2013effect,
	author = {Koven, CD and Riley, WJ and Subin, ZM and Tang, JY and Torn, MS and Collins, WD and Bonan, GB and Lawrence, DM and Swenson, SC},
	journal = {Biogeosciences},
	number = {11},
	pages = {7109--7131},
	publisher = {Copernicus GmbH},
	title = {The effect of vertically resolved soil biogeochemistry and alternate soil {C} and {N} models on {C} dynamics of {CLM}4},
	volume = {10},
	year = {2013},
        doi = {10.5194/bg-10-7109-2013}
}

@article{lavigne1997growth,
	author = {Lavigne, MB and Ryan, MG},
	journal = {Tree Physiology},
	number = {8--9},
	pages = {543--551},
	publisher = {Heron Publishing},
	title = {Growth and maintenance respiration rates of aspen, black spruce and jack pine stems at northern and southern {BOREAS} sites},
	volume = {17},
	year = {1997},
        doi = {10.1093/treephys/17.8-9.543}
}

@article{lawrence2011parameterization,
	author = {Lawrence, David M and Oleson, Keith W and Flanner, Mark G and Thornton, Peter E and Swenson, Sean C and Lawrence, Peter J and Zeng, Xubin and Yang, Zong-Liang and Levis, Samuel and Sakaguchi, Koichi and others},
	journal = {Journal of Advances in Modeling Earth Systems},
	number = {1},
	publisher = {Wiley Online Library},
	title = {Parameterization improvements and functional and structural advances in version 4 of the {C}ommunity {L}and {M}odel},
	volume = {3},
	year = {2011},
        doi = {10.1029/2011MS00045}
}

@techreport{lawrence2018,
	author = {Lawrence, David M and Fishe, Rosier and Koven, Charles and Oleson, Keith and Swenson, Sean and Vertenstein, Mariana and others},
	institution = {National Center for Atmospheric Research},
        address = {Colorado, PO Box 3000},
	title = {Technical description of version 5.0 of the {C}ommunity {L}and {M}odel ({CLM})},
        type = {Technical Note},
        number = {NCAR/TN-478+STR},
	year = {2018}
}

@article{lawrence2007representing,
	author = {Lawrence, Peter J and Chase, Thomas N},
	journal = {Journal of Geophysical Research: Biogeosciences},
	number = {G1},
	publisher = {Wiley Online Library},
	title = {Representing a new {MODIS} consistent land surface in the {C}ommunity {L}and {M}odel ({CLM} 3.0)},
	volume = {112},
    doi = {10.1029/2006JG000168},
	year = {2007}}

@article{lehner2004development,
	author = {Lehner, Bernhard and D{\"o}ll, Petra},
	journal = {Journal of Hydrology},
	number = {1-4},
	pages = {1--22},
	publisher = {Elsevier},
	title = {Development and validation of a global database of lakes, reservoirs and wetlands},
	volume = {296},
	year = {2004},
    doi = {10.1016/j.jhydrol.2004.03.028}}

@article{lehner2011high,
	author = {Lehner, Bernhard and Liermann, Catherine Reidy and Revenga, Carmen and V{\"o}r{\"o}smarty, Charles and Fekete, Balazs and Crouzet, Philippe and D{\"o}ll, Petra and Endejan, Marcel and Frenken, Karen and Magome, Jun and others},
	journal = {Frontiers in Ecology and the Environment},
	number = {9},
	pages = {494--502},
	publisher = {Wiley Online Library},
	title = {High-resolution mapping of the world's reservoirs and dams for sustainable river-flow management},
	volume = {9},
	year = {2011},
        doi = {10.1890/100125}
}

@article{li2021new,
	author = {Li, Hongmei and Lu, Xingjie and Wei, Zhongwang and Zhu, Siguang and Wei, Nan and Zhang, Shupeng and Yuan, Hua and Shangguan, Wei and Liu, Shaofeng and Zhang, Shulei and others},
	journal = {Forests},
	number = {6},
	pages = {722},
	publisher = {MDPI},
	title = {New Representation of Plant Hydraulics Improves the Estimates of Transpiration in Land Surface Model},
	volume = {12},
	year = {2021},
        doi = {10.3390/f12060722 }}

@article{LIANG2009221,
        title = {Adaptive quadtree simulation of shallow flows with wet‚Äìdry fronts over complex topography},
        journal = {Computers \& Fluids},
        volume = {38},
        number = {2},
        pages = {221-234},
        year = {2009},
        author = {Qiuhua Liang and Alistair G.L. Borthwick}}

@article{liu2019further,
  title={Further improvement of surface flux estimation in the unstable surface layer based on large-eddy simulation data},
  author={Liu, Shaofeng and Zeng, Xubin and Dai, Yongjiu and Shao, Yaping},
  journal={Journal of Geophysical Research: Atmospheres},
  volume={124},
  number={17-18},
  pages={9839--9854},
  year={2019},
  publisher={Wiley Online Library},
  doi={10.1029/2018JD030222}}

@article{liu2022surface,
  title={A Surface Flux Estimation Scheme Accounting for Large-Eddy Effects for Land Surface Modeling},
  author={Liu, Shaofeng and Zeng, Xubin and Dai, Yongjiu and Yuan, Hua and Wei, Nan and Wei, Zhongwang and Lu, Xingjie and Zhang, Shupeng},
  journal={Geophysical Research Letters},
  volume={49},
  number={23},
  pages={e2022GL101754},
  year={2022},
  publisher={Wiley Online Library},
  doi={10.1029/2022GL101754}}

@article{liu2023referenceheight,
  title={The Optimal Coupling Height of Atmosphere and Land Surface: From the {E}arth {S}ystem {M}odeling Perspective},
  author={Liu, Shaofeng and Zeng, Xubin and Dai, Yongjiu and Yuan, Hua and Wei, Nan and Wei, Zhongwang and Lu, Xingjie and Zhang, Shupeng and Brunke, A. Michael},
  journal={Advances in Atmospheric Sciences},
  volume={1},
  number={1},
  pages={in press},
  year={2024},
  publisher={Springer},
  doi={10.1007/s00376-024-3338-0}}

@article{lu2007improved,
	author = {Lu, Sen and Ren, Tusheng and Gong, Yuanshi and Horton, Robert},
	journal = {Soil Science Society of America Journal},
	number = {1},
	pages = {8--14},
	publisher = {Wiley Online Library},
	title = {An improved model for predicting soil thermal conductivity from water content at room temperature},
	volume = {71},
	year = {2007}}

@article{lu2020full,
	author = {Lu, Xingjie and Du, Zhenggang and Huang, Yuanyuan and Lawrence, David and Kluzek, Erik and Collier, Nathan and Lombardozzi, Danica and Sobhani, Negin and Schuur, Edward AG and Luo, Yiqi},
	journal = {Journal of Advances in Modeling Earth Systems},
	number = {11},
	pages = {e2020MS002105},
	publisher = {Wiley Online Library},
	title = {Full implementation of matrix approach to biogeochemistry module of {CLM}5},
	volume = {12},
	year = {2020},
        doi = {10.1029/2020MS002105}
}

@article{macdonald1998improved,
	author = {Macdonald, RW and Griffiths, RF and Hall, DJ},
	journal = {Atmospheric Environment},
	number = {11},
	pages = {1857--1864},
	publisher = {Elsevier},
	title = {An improved method for the estimation of surface roughness of obstacle arrays},
	volume = {32},
    doi = {10.1016/S1352-2310(97)00403-2},
	year = {1998}}

@article{magill1997biogeochemical,
  title={Biogeochemical response of forest ecosystems to simulated chronic nitrogen deposition},
  author={Magill, Alison H and Aber, John D and Hendricks, Joseph J and Bowden, Richard D and Melillo, Jerry M and Steudler, Paul A},
  journal={Ecological Applications},
  volume={7},
  number={2},
  pages={402--415},
  year={1997},
  publisher={Wiley Online Library},
  doi={10.1890/1051-0761(1997)007[0402:BROFET]2.0.CO;2}
}

@article{masson2000physically,
	author = {Masson, Val{\'e}ry},
	journal = {Boundary-Layer Meteorology},
	number = {3},
	pages = {357--397},
	publisher = {Springer},
	title = {A physically-based scheme for the urban energy budget in atmospheric models},
	volume = {94},
    doi = {10.1023/A:1002463829265},
	year = {2000}}

@article{messager2016nc,
        author = {Messager, Mathis Lo√Øc and Lehner, Bernhard and Grill, G√ºnther and Nedeva, Irena and Schmitt, Oliver},
        title = {Estimating the volume and age of water stored in global lakes using a geo-statistical approach},
        journal = {Nature Communications},
        volume = {7},
        number = {13603},
        year = {2016},
        doi = {10.1038/ncomms13603}
}

@article{mualem1976new,
	author = {Mualem, Yechezkel},
	journal = {Water Resources Research},
	number = {3},
	pages = {513--522},
	publisher = {Wiley Online Library},
	title = {A new model for predicting the hydraulic conductivity of unsaturated porous media},
	volume = {12},
    doi = {10.1029/WR012I006P01248},
	year = {1976}}

@article{neufeld1992genotypic,
	author = {Neufeld, Howard S and Grantz, David A and Meinzer, Frederick C and Goldstein, Guillermo and Crisosto, Gayle M and Crisosto, Carlos},
	journal = {Plant Physiology},
	number = {2},
	pages = {1020--1028},
	publisher = {American Society of Plant Biologists},
	title = {Genotypic variability in vulnerability of leaf xylem to cavitation in water-stressed and well-irrigated sugarcane},
	volume = {100},
    doi = {10.1104/PP.100.2.1020},
	year = {1992}}

@article{niu2005simple,
	author = {Niu, Guo-Yue and Yang, Zong-Liang and Dickinson, Robert E and Gulden, Lindsey E},
	journal = {Journal of Geophysical Research: Atmospheres},
	number = {D21},
	publisher = {Wiley Online Library},
	title = {A simple {TOPMODEL}-based runoff parameterization ({SIMTOP}) for use in global climate models},
	volume = {110},
	year = {2005},
        doi = {10.1029/2005JD006111}
}

@article{oikawa2005dynamics,
  title={Dynamics of leaf area and nitrogen in the canopy of an annual herb, {X}anthium canadense},
  author={Oikawa, Shimpei and Hikosaka, Kouki and Hirose, Tadaki},
  journal={Oecologia},
  volume={143},
  number={4},
  pages={517--526},
  year={2005},
  publisher={Springer},
  doi={10.1007/s00442-005-0007-6}
}

@article{oleson2020parameterization,
	author = {Oleson, KW and Feddema, J},
	journal = {Journal of Advances in Modeling Earth Systems},
	number = {2},
	pages = {e2018MS001586},
	publisher = {Wiley Online Library},
	title = {Parameterization and surface data improvements and new capabilities for the {C}ommunity {L}and {M}odel {U}rban ({CLMU})},
	volume = {12},
    doi = {10.1029/2018MS001586},
	year = {2020}}

@article{oleson2008urban,
	author = {Oleson, Keith W and Bonan, Gordon B and Feddema, J and Vertenstein, M and Grimmond, CSB},
	journal = {Journal of Applied Meteorology and Climatology},
	number = {4},
	pages = {1038--1060},
	publisher = {American Meteorological Society},
	title = {An urban parameterization for a global climate model. {P}art {I}: {F}ormulation and evaluation for two cities},
	volume = {47},
    doi = {10.1175/2007JAMC1597.1},
	year = {2008}}

@article{pammenter1998mathematical,
	author = {Pammenter, NW V and van der Willigen, C},
	journal = {Tree Physiology},
	number = {8--9},
	pages = {589--593},
	publisher = {Heron Publishing},
	title = {A mathematical and statistical analysis of the curves illustrating vulnerability of xylem to cavitation},
	volume = {18},
	year = {1998},
        doi = {10.1093/treephys/18.8-9.589}
}

@article{plaut2012hydraulic,
	author = {Plaut, Jennifer A and Yepez, Enrico A and Hill, Judson and Pangle, Robert and Sperry, John S and Pockman, William T and Mcdowell, Nate G},
	journal = {Plant, Cell \& Environment},
	number = {9},
	pages = {1601--1617},
	publisher = {Wiley Online Library},
	title = {Hydraulic limits preceding mortality in a pi{\~n}on--juniper woodland under experimental drought},
	volume = {35},
	year = {2012},
        doi = {10.1111/j.1365-3040.2012.02512.x}}

@article{poggio2021soilgrids,
	author = {Poggio, Laura and De Sousa, Luis M and Batjes, Niels H and Heuvelink, Gerard and Kempen, Bas and Ribeiro, Eloi and Rossiter, David},
	journal = {Soil},
	number = {1},
	pages = {217--240},
	publisher = {Copernicus GmbH},
	title = {Soil{G}rids 2.0: producing soil information for the globe with quantified spatial uncertainty},
	volume = {7},
	year = {2021},
    doi = {10.5194/soil-7-217-2021}}

@article{potapov2021mapping,
	author = {Potapov, Peter and Li, Xinyuan and Hernandez-Serna, Andres and Tyukavina, Alexandra and Hansen, Matthew C and Kommareddy, Anil and Pickens, Amy and Turubanova, Svetlana and Tang, Hao and Silva, Carlos Edibaldo and others},
	journal = {Remote Sensing of Environment},
	pages = {112165},
	publisher = {Elsevier},
	title = {Mapping global forest canopy height through integration of {GEDI} and {L}andsat data},
	volume = {253},
	year = {2021},
    doi = {10.1016/j.rse.2020.112165}}

@article{raupach1992drag,
	author = {Raupach, M\_R},
	journal = {Boundary-Layer Meteorology},
	number = {4},
	pages = {375--395},
	publisher = {Springer},
	title = {Drag and drag partition on rough surfaces},
	volume = {60},
	year = {1992},
    doi = {10.1007/BF00155203}}

@article{raupach1994simplified,
	author = {Raupach, M R},
	journal = {Boundary-Layer Meteorology},
    volume = {71},
    number = {1--2},
    pages = {211‚Äì-216},
	title = {Simplified expressions for vegetation roughness length and zero-plane displacement as functions of canopy height and area index},
	year = {1994},
    publisher = {Springer},
    doi = {10.1007/BF00709229}
}

@techreport{RGIConsortium2017,
	author = {{RGI Consortium}},
	institution = {NSIDC: National Snow and Ice Data Center},
        address = {Boulder, Colorado USA. },
	title = {Randolph {G}lacier {I}nventory -- A Dataset of Global Glacier Outlines, Version 6.},
	year = {2017},
    doi = {10.7265/4m1f-gd79}
}

@incollection{ross1975radiative,
	author = {Ross, Juhan},
	booktitle = {Vegetation and the Atmosphere},
    editor = {J. L. Monteith},
	pages = {13--55},
	publisher = {Academic Press},
	title = {Radiative transfer in plant communities},
	year = {1975}}

@article{sailor2004top,
	author = {Sailor, David J and Lu, Lu},
	journal = {Atmospheric Environment},
	number = {17},
	pages = {2737--2748},
	publisher = {Elsevier},
	title = {A top--down methodology for developing diurnal and seasonal anthropogenic heating profiles for urban areas},
	volume = {38},
    doi = {10.1016/j.atmosenv.2004.01.034},
	year = {2004}}

@article{schenk2002rooting,
	author = {Schenk, H Jochen and Jackson, Robert B},
	journal = {Ecological Monographs},
    number = {3},
	pages = {311--328},
	publisher = {Ecological Monographs},
	title = {The global biogeography of roots},
	volume = {72},
    doi = {10.1890/0012-9615(2002)072[0311:TGBOR]2.0.CO;2},
	year = {2002}}

@article{schneider2009new,
	author = {Schneider, Annemarie and Friedl, Mark A and Potere, David},
	journal = {Environmental Research Letters},
	number = {4},
	pages = {044003},
	publisher = {IOP Publishing},
	title = {A new map of global urban extent from {MODIS} satellite data},
	volume = {4},
	year = {2009},
    doi = {10.1088/1748-9326/4/4/044003}}

@article{sellers1985canopy,
	author = {Sellers, Piers J},
	journal = {International Journal of Remote Sensing},
	number = {8},
	pages = {1335--1372},
	publisher = {Taylor \& Francis},
	title = {Canopy reflectance, photosynthesis and transpiration},
	volume = {6},
    doi = {10.1080/01431168508948283},
	year = {1985}}

@article{sellers1996revised,
	author = {Sellers, PJ and Randall, DA and Collatz, GJ and Berry, JA and Field, CB and Dazlich, DA and Zhang, C and Collelo, GD and Bounoua, L},
	journal = {Journal of Climate},
	number = {4},
	pages = {676--705},
	title = {A revised land surface parameterization ({S}I{B}2) for atmospheric {GCM}s. {P}art {I}: Model formulation},
	volume = {9},
	year = {1996},
    doi = {10.1175/1520-0442(1996)009<0676:ARLSPF>2.0.CO;2}}

@article{shangguan2014global,
	author = {Shangguan, Wei and Dai, Yongjiu and Duan, Qingyun and Liu, Baoyuan and Yuan, Hua},
	journal = {Journal of Advances in Modeling Earth Systems},
	number = {1},
	pages = {249--263},
	publisher = {Wiley Online Library},
	title = {A global soil data set for earth system modeling},
	volume = {6},
    doi = {10.1002/2013MS000293},
	year = {2014}}

@article{shangguan2017mapping,
	author = {Shangguan, Wei and Hengl, Tomislav and Mendes de Jesus, Jorge and Yuan, Hua and Dai, Yongjiu},
	journal = {Journal of Advances in Modeling Earth Systems},
	number = {1},
	pages = {65--88},
	publisher = {Wiley Online Library},
	title = {Mapping the global depth to bedrock for land surface modeling},
	volume = {9},
    doi = {10.1002/2016MS000686},
	year = {2017}}

@article{shaw1982aerodynamic,
	author = {Shaw, Roger H and Pereira, AR},
	journal = {Agricultural Meteorology},
	number = {1},
	pages = {51--65},
	publisher = {Elsevier},
	title = {Aerodynamic roughness of a plant canopy: a numerical experiment},
	volume = {26},
	year = {1982},
    doi = {10.1016/0002-1571(82)90057-7}}

@article{shin2019high,
	author = {Shin, Sanghoon and Pokhrel, Yadu and Miguez-Macho, Gonzalo},
	journal = {Water Resources Research},
	number = {1},
	pages = {787--810},
	publisher = {Wiley Online Library},
	title = {High-resolution modeling of reservoir release and storage dynamics at the continental scale},
	volume = {55},
	year = {2019},
        doi = {10.1029/2018WR023025}}

@article{simard2011mapping,
	author = {Simard, Marc and Pinto, Naiara and Fisher, Joshua B and Baccini, Alessandro},
	journal = {Journal of Geophysical Research: Biogeosciences},
	number = {G4},
	publisher = {Wiley Online Library},
	title = {Mapping forest canopy height globally with spaceborne lidar},
	volume = {116},
    doi = {10.1029/2011JG001708},
	year = {2011}}

@article{smith2009estimating,
	author = {Smith, Claire and Lindley, Sarah and Levermore, Geoff},
	journal = {Theoretical and Applied Climatology},
	number = {1},
	pages = {19--35},
	publisher = {Springer},
	title = {Estimating spatial and temporal patterns of urban anthropogenic heat fluxes for {UK} cities: the case of Manchester},
	volume = {98},
	year = {2009},
        doi = {10.1007/s00704-008-0086-5}}

@article{son1991aboveground,
  title={Aboveground nitrogen and phosphorus use by five plantation-grown trees with different leaf longevities},
  author={Son, Yowhan and Gower, Stith T},
  journal={Biogeochemistry},
  volume={14},
  number={3},
  pages={167--191},
  year={1991},
  publisher={Springer},
  doi={10.1007/BF00000806}}

@article{sperry1988method,
	author = {Sperry, JS and Donnelly, JR and Tyree, MT},
	journal = {Plant, Cell \& Environment},
	number = {1},
	pages = {35--40},
	publisher = {Wiley Online Library},
	title = {A method for measuring hydraulic conductivity and embolism in xylem},
	volume = {11},
	year = {1988},
        doi = {10.1111/j.1365-3040.1988.tb01774.x}}

@incollection{sprugel1995respiration,
	author = {Sprugel, Douglas G and Ryan, Michael G and Brooks, J Ren{\'e}e and Vogt, Kristiina A and Martin, Timothy A},
	booktitle = {Resource Physiology of Conifers},
	pages = {255--299},
	publisher = {Elsevier},
	title = {Respiration from the organ level to the stand},
    doi = {10.1016/B978-0-08-092591-2.50013-3},
	year = {1995}}

@article{stewart2014evaluation,
	author = {Stewart, Iain D and Oke, Timothy R and Krayenhoff, E Scott},
	journal = {International Journal of Climatology},
	number = {4},
	pages = {1062--1080},
	publisher = {Wiley Online Library},
	title = {Evaluation of the 'local climate zone' scheme using temperature observations and model simulations},
	volume = {34},
	year = {2014},
    doi = {10.1002/joc.3746}}

@article{tarnawski2012series,
	author = {Tarnawski, Vlodek R and Leong, Wey H},
	journal = {International Journal of Thermophysics},
	number = {7},
	pages = {1191--1218},
	publisher = {Springer},
	title = {A series-parallel model for estimating the thermal conductivity of unsaturated soils},
	volume = {33},
	year = {2012},
        doi = {10.1007/s10765-012-1282-1}}

@inproceedings{Toro2001ShockCapturingMF,
        title={Shock-Capturing Methods for Free-Surface Shallow Flows},
        author={Eleuterio F. Toro},
        year={2001},
        url={https://api.semanticscholar.org/CorpusID:118902986}}

@article{troch2003boussinesq,
        author = {Troch, Peter A. and Paniconi, Claudio and Emiel van Loon, E.},
        title = {Hillslope-storage Boussinesq model for subsurface flow and variable source areas along complex hillslopes: 1. Formulation and characteristic response},
        journal = {Water Resources Research},
        volume = {39},
        number = {11},
        pages = {},
        year = {2003},
        doi = {10.1029/2002WR001728}
}

@article{van1948water,
	author = {van den Honert, TH},
	journal = {Discussions of the Faraday Society},
	pages = {146--153},
	publisher = {Royal Society of Chemistry},
	title = {Water transport in plants as a catenary process},
	volume = {3},
	year = {1948},
        doi = {10.1039/DF9480300146}}

@article{van1980closed,
	author = {van Genuchten, M Th},
	journal = {Soil Science Society of America Journal},
	number = {5},
	pages = {892--898},
	publisher = {Wiley Online Library},
	title = {A closed-form equation for predicting the hydraulic conductivity of unsaturated soils},
	volume = {44},
	year = {1980},
        doi = {10.2136/sssaj1980.03615995004400050002x}}

@article{vanninen2005carbon,
	author = {Vanninen, Petteri and M{\"a}kel{\"a}, Annikki},
	journal = {Tree Physiology},
	number = {1},
	pages = {17--30},
	publisher = {Heron Publishing},
	title = {Carbon budget for {S}cots pine trees: effects of size, competition and site fertility on growth allocation and production},
	volume = {25},
	year = {2005},
        doi = {10.1093/treephys/25.1.17}}

@article{van2007downscaling,
  title={Downscaling drivers of global environmental change: Enabling use of global {SRES} scenarios at the national and grid levels},
  author={van Vuuren, Detlef P and Lucas, Paul L and Hilderink, Henk},
  journal={Global Environmental Change},
  volume={17},
  number={1},
  pages={114--130},
  year={2007},
  publisher={Elsevier},
  doi={10.1016/j.gloenvcha.2006.04.004}
}

@article{white1997continental,
  title={A continental phenology model for monitoring vegetation responses to interannual climatic variability},
  author={White, Michael A and Thornton, Peter E and Running, Steven W},
  journal={Global Biogeochemical Cycles},
  volume={11},
  number={2},
  pages={217--234},
  year={1997},
  publisher={Wiley Online Library},
  doi={10.1029/97GB00330}
}

@article{xia2012semi,
	author = {Xia, JY and Luo, YQ and Wang, Y-P and Weng, ES and Hararuk, O},
	journal = {Geoscientific Model Development},
	number = {5},
	pages = {1259--1271},
	publisher = {Copernicus GmbH},
	title = {A semi-analytical solution to accelerate spin-up of a coupled carbon and nitrogen land model to steady state},
	volume = {5},
	year = {2012},
        doi = {10.5194/gmd-5-1259-2012}}

@article{yamazaki2012adjustment,
	author = {Yamazaki, Dai and Baugh, Calum A and Bates, Paul D and Kanae, Shinjiro and Alsdorf, Douglas E and Oki, Taikan},
	journal = {Journal of Hydrology},
	pages = {81--91},
	publisher = {Elsevier},
	title = {Adjustment of a spaceborne {DEM} for use in floodplain hydrodynamic modeling},
	volume = {436},
	year = {2012},
        doi = {10.1016/j.jhydrol.2012.02.045}
}

@article{yamazaki2017high,
	author = {Yamazaki, Dai and Ikeshima, Daiki and Tawatari, Ryunosuke and Yamaguchi, Tomohiro and O'Loughlin, Fiachra and Neal, Jeffery C and Sampson, Christopher C and Kanae, Shinjiro and Bates, Paul D},
	journal = {Geophysical Research Letters},
	number = {11},
	pages = {5844--5853},
	publisher = {Wiley Online Library},
	title = {A high-accuracy map of global terrain elevations},
	volume = {44},
	year = {2017},
        doi={10.1002/2017GL072874}}

@article{yamazaki2014development,
	author = {Yamazaki, Dai and O'Loughlin, Fiachra and Trigg, Mark A and Miller, Zachary F and Pavelsky, Tamlin M and Bates, Paul D},
	journal = {Water Resources Research},
	number = {4},
	pages = {3467--3480},
	publisher = {Wiley Online Library},
	title = {Development of the global width database for large rivers},
	volume = {50},
	year = {2014},
    doi={10.1002/2013WR014664}
}

@article{yamazaki2013improving,
	author = {Yamazaki, Dai and de Almeida, Gustavo AM and Bates, Paul D},
	journal = {Water Resources Research},
	number = {11},
	pages = {7221--7235},
	publisher = {Wiley Online Library},
	title = {Improving computational efficiency in global river models by implementing the local inertial flow equation and a vector-based river network map},
	volume = {49},
	year = {2013},
    doi={10.1002/wrcr.20552}
}

@article{yamazaki2012analysis,
	author = {Yamazaki, Dai and Lee, Hyongki and Alsdorf, Douglas E and Dutra, Emanuel and Kim, Hyungjun and Kanae, Shinjiro and Oki, Taikan},
	journal = {Water Resources Research},
	number = {9},
	publisher = {Wiley Online Library},
	title = {Analysis of the water level dynamics simulated by a global river model: A case study in the {A}mazon {R}iver},
	volume = {48},
	year = {2012},
        doi={10.1029/2012WR011869}
}

@article{yamazaki2015development,
	author = {Yamazaki, Dai and Trigg, Mark A and Ikeshima, Daiki},
	journal = {Remote Sensing of Environment},
	pages = {337--351},
	publisher = {Elsevier},
	title = {Development of a global\~{} 90 m water body map using multi-temporal {L}andsat images},
	volume = {171},
	year = {2015},
        doi={10.1016/j.rse.2015.10.014}}

@article{yamazaki2011physically,
	author = {Yamazaki, Dai and Kanae, Shinjiro and Kim, Hyungjun and Oki, Taikan},
	journal = {Water Resources Research},
	publisher = {Wiley Online Library},
	title = {A physically based description of floodplain inundation dynamics in a global river routing model},
	volume = {47},
        number = {4},
        pages = {W04501},
	year = {2011},
        doi={10.1029/2010WR009726}}

@article{yamazaki2009deriving,
	author = {Yamazaki, D and Oki, T and Kanae, S},
	journal = {Hydrology and Earth System Sciences},
	number = {11},
	pages = {2241--2251},
	publisher = {Copernicus GmbH},
	title = {Deriving a global river network map and its sub-grid topographic characteristics from a fine-resolution flow direction map},
	volume = {13},
	year = {2009},
        doi={10.5194/hess-13-2241-2009}
}

@article{yamazaki2014regional,
	author = {Yamazaki, Dai and Sato, Tomoko and Kanae, Shinjiro and Hirabayashi, Yukiko and Bates, Paul D},
	journal = {Geophysical Research Letters},
	number = {9},
	pages = {3127--3135},
	publisher = {Wiley Online Library},
	title = {Regional flood dynamics in a bifurcating mega delta simulated in a global river model},
	volume = {41},
	year = {2014},
        doi={10.1002/2014GL059744}}

@article{yao2022Irrigation,
	author = {Yao, Yi and Vanderkelen, Inne and Lombardozzi, Danica and Swenson, Sean and Lawrence, David and J{\"a}germeyr, Jonas and Grant, Luke and Thiery, Wim},
	journal = {Journal of Advances in Modeling Earth Systems},
	pages = {e2022MS003074},
	publisher = {Wiley Online Library},
	title = {Implementation and Evaluation of 
  Irrigation Techniques in the {C}ommunity {L}and {M}odel},
	volume = {14},
        number = {12},
	year = {2022},
        doi = {10.1029/2022MS003074}}

@article{yassin2019representation,
	author = {Yassin, Fuad and Razavi, Saman and Elshamy, Mohamed and Davison, Bruce and Sapriza-Azuri, Gonzalo and Wheater, Howard},
	journal = {Hydrology and Earth System Sciences},
	number = {9},
	pages = {3735--3764},
	publisher = {Copernicus GmbH},
	title = {Representation and improved parameterization of reservoir operation in hydrological and land-surface models},
	volume = {23},
	year = {2019},
        doi={10.5194/hess-23-3735-2019}}

@article{yigzaw2018new,
  author = {Yigzaw, Wondmagegn and Li, Hong-Yi and Demissie, Yonas and Hejazi, Mohamad I and Leung, L Ruby and Voisin, Nathalie and Payn, Rob},
  journal = {Water Resources Research},
  number = {12},
  pages = {10372--10386},
  publisher = {Wiley Online Library},
  title = {A new global storage-area-depth data set for Modeling reservoirs in land surface and earth system models},
  volume = {54},
  year = {2018},
  doi={10.1029/2017WR022040}
}

@article{yuan2017reexamination,
	author = {Yuan, Hua and Dai, Yongjiu and Dickinson, Robert E and Pinty, Bernard and Shangguan, Wei and Zhang, Shupeng and Wang, Lili and Zhu, Siguang},
	journal = {Journal of Advances in Modeling Earth Systems},
	number = {1},
	pages = {113--129},
	publisher = {Wiley Online Library},
	title = {Reexamination and further development of two-stream canopy radiative transfer models for global land modeling},
	volume = {9},
    doi = {10.1002/2016MS000773},
	year = {2017}}

@article{yuan2011reprocessing,
	author = {Yuan, Hua and Dai, Yongjiu and Xiao, Zhiqiang and Ji, Duoying and Shangguan, Wei},
	journal = {Remote Sensing of Environment},
	number = {5},
	pages = {1171--1187},
	publisher = {Elsevier},
	title = {Reprocessing the {MODIS} Leaf Area Index products for land surface and climate modelling},
	volume = {115},
    doi = {10.1016/j.rse.2011.01.001},
	year = {2011}}

@article{yuan20143d,
	author = {Yuan, Hua and Dickinson, Robert E and Dai, Yongjiu and Shaikh, Muhammad J and Zhou, Liming and Shangguan, Wei and Ji, Duoying},
	journal = {Journal of Climate},
	number = {3},
	pages = {1168--1192},
	title = {A 3{D} canopy radiative transfer model for global climate modeling: Description, validation, and application},
	volume = {27},
    doi = {10.1175/JCLI-D-13-00155.1},
	year = {2014}}

@article{zeng2001global,
	author = {Zeng, Xubin},
	journal = {Journal of Hydrometeorology},
	number = {5},
	pages = {525--530},
	title = {Global vegetation root distribution for land modeling},
	volume = {2},
	year = {2001},
    doi = {10.1175/1525-7541(2001)002<0525:GVRDFL>2.0.CO;2}}

@article{zeng1998effect,
	author = {Zeng, Xubin and Dickinson, Robert E},
	journal = {Journal of Climate},
	number = {4},
	pages = {537--550},
	title = {Effect of surface sublayer on surface skin temperature and fluxes},
	volume = {11},
	year = {1998},
    doi={10.1175/1520-0442(1998)011<0537:EOSSOS>2.0.CO;2}}

@article{zeng1998intercomparison,
  title={Intercomparison of bulk aerodynamic algorithms for the computation of sea surface fluxes using {TOGA} {COARE} and {TAO} data},
  author={Zeng, Xubin and Zhao, Ming and Dickinson, Robert E},
  journal={Journal of Climate},
  volume={11},
  number={10},
  pages={2628--2644},
  year={1998},
  publisher={American Meteorological Society},
  doi={10.1175/1520-0442(1998)011<2628:IOBAAF>2.0.CO;2}}

@article{zeng2007consistent,
	author = {Zeng, Xubin and Wang, Aihui},
	journal = {Journal of Hydrometeorology},
	number = {4},
	pages = {730--737},
	publisher = {American Meteorological Society},
	title = {Consistent parameterization of roughness length and displacement height for sparse and dense canopies in land models},
	volume = {8},
	year = {2007},
    doi = {10.1175/JHM607.1}}

@article{zhu2017incorporating,
	author = {Zhu, Siguang and Chen, Haishan and Zhang, Xiangxiang and Wei, Nan and Shangguan, Wei and Yuan, Hua and Zhang, Shupeng and Wang, Lili and Zhou, Lihua and Dai, Yongjiu},
	journal = {Journal of Geophysical Research: Atmospheres},
	number = {14},
	pages = {7308--7322},
	publisher = {Wiley Online Library},
	title = {Incorporating root hydraulic redistribution and compensatory water uptake in the {C}ommon {L}and {M}odel: Effects on site level and global land modeling},
	volume = {122},
	year = {2017},
        doi = {10.1002/2016JD025744}}

@article{chen2015global,
  title={Global land cover mapping at 30 m resolution: A POK-based operational approach},
  author={Chen, Jun and Chen, Jin and Liao, Anping and Cao, Xin and Chen, Lijun and Chen, Xuehong and He, Chaoying and Han, Gang and Peng, Shu and Lu, Miao and others},
  journal={ISPRS Journal of Photogrammetry and Remote Sensing},
  volume={103},
  pages={7--27},
  year={2015},
  publisher={Elsevier},
  doi = {10.1016/j.isprsjprs.2014.09.002}
}

@article{hostetler1994lake,
  title={Lake-atmosphere feedbacks associated with paleolakes {B}onneville and {L}ahontan},
  author={Hostetler, SW and Giorgi, F and Bates, GT and Bartlein, PJ},
  journal={Science},
  volume={263},
  number={5147},
  pages={665--668},
  year={1994},
  publisher={American Association for the Advancement of Science},
  doi={10.1126/science.263.5147.665}
}

@article{bonan1995sensitivity,
  title={Sensitivity of a {GCM} simulation to inclusion of inland water surfaces},
  author={Bonan, Gordon B},
  journal={Journal of Climate},
  volume={8},
  number={11},
  pages={2691--2704},
  year={1995},
  doi={10.1175/1520-0442(1995)008<2691:SOAGST>2.0.CO;2}
}

@article{dai2003common,
  title={The {C}ommon {L}and {M}odel},
  author={Dai, Yongjiu and Zeng, Xubin and Dickinson, Robert E and Baker, Ian and Bonan, Gordon B and Bosilovich, Michael G and Denning, A Scott and Dirmeyer, Paul A and Houser, Paul R and Niu, Guoyue and others},
  journal={Bulletin of the American Meteorological Society},
  volume={84},
  number={8},
  pages={1013--1024},
  year={2003},
  publisher={American Meteorological Society},
  doi = {10.1175/BAMS-84-8-1013}
}

@article{long2007northern,
  title={Northern lake impacts on local seasonal climate},
  author={Long, Z and Perrie, W and Gyakum, J and Caya, D and Laprise, Ren{\'e}},
  journal={Journal of Hydrometeorology},
  volume={8},
  number={4},
  pages={881--896},
  year={2007},
  publisher={American Meteorological Society},
  doi={10.1175/JHM591.1}
}

@article{samuelsson2010impact,
  title={The impact of lakes on the {E}uropean climate as simulated by a regional climate model},
  author={Samuelsson, Patrick and Kourzeneva, Ekaterina and Mironov, Dmitrii},
  journal={Boreal Environment Research},
  volume={15},
  pages={113--129},
  year={2010},
  publisher={Boreal Environment Research Publishing Board},
  url={https://api.semanticscholar.org/CorpusID:54034116}

}

@article{subin2012improved,
  title={An improved lake model for climate simulations: Model structure, evaluation, and sensitivity analyses in {CESM}1},
  author={Subin, Zachary M and Riley, William J and Mironov, Dmitrii},
  journal={Journal of Advances in Modeling Earth Systems},
  volume={4},
  number={1},
  year={2012},
  publisher={Wiley Online Library},
  doi={10.1029/2011MS000072}
}

@article{deng2013evaluation,
  title={Evaluation of the {CLM}4 lake model at a large and shallow freshwater lake},
  author={Deng, Bin and Liu, Shoudong and Xiao, Wei and Wang, Wei and Jin, Jiming and Lee, Xuhui},
  journal={Journal of Hydrometeorology},
  volume={14},
  number={2},
  pages={636--649},
  year={2013},
  doi={10.1175/JHM-D-12-067.1}
}

@article{xiao2016improving,
  title={Improving the lake scheme within a coupled {WRF}-lake model in the {L}aurentian {G}reat {L}akes},
  author={Xiao, Chuliang and Lofgren, Brent M and Wang, Jia and Chu, Philip Y},
  journal={Journal of Advances in Modeling Earth Systems},
  volume={8},
  number={4},
  pages={1969--1985},
  year={2016},
  publisher={Wiley Online Library},
  doi={10.1002/2016MS000717}
}

@article{notaro2013influence,
  title={Influence of the {L}aurentian {G}reat {L}akes on regional climate},
  author={Notaro, Michael and Holman, Kathleen and Zarrin, Azar and Fluck, Elody and Vavrus, Steve and Bennington, Val},
  journal={Journal of Climate},
  volume={26},
  number={3},
  pages={789--804},
  year={2013},
  publisher={American Meteorological Society},
  doi={10.1175/JCLI-D-12-00140.1}
}

@article{beletsky2013modeling,
  title={Modeling summer circulation and thermal structure of {L}ake {E}rie},
  author={Beletsky, Dmitry and Hawley, Nathan and Rao, Yerubandi R},
  journal={Journal of Geophysical Research: Oceans},
  volume={118},
  number={11},
  pages={6238--6252},
  year={2013},
  publisher={Wiley Online Library},
  doi={10.1002/2013JC008854}
}

@article{huang2010evaluation,
  title={Evaluation of a 3-{D} hydrodynamic model and atmospheric forecast forcing using observations in {L}ake {O}ntario},
  author={Huang, Anning and Rao, Yerubandi R and Lu, Youyu},
  journal={Journal of Geophysical Research: Oceans},
  volume={115},
  number={C2},
  year={2010},
  publisher={Wiley Online Library},
  doi={10.1029/2009JC005601}
}

@article{bai2013modeling,
  title={Modeling 1993--2008 climatology of seasonal general circulation and thermal structure in the {G}reat {L}akes using {FVCOM}},
  author={Bai, Xuezhi and Wang, Jia and Schwab, David J and Yang, Yi and Luo, Lin and Leshkevich, George A and Liu, Songzhi},
  journal={Ocean Modelling},
  volume={65},
  pages={40--63},
  year={2013},
  publisher={Elsevier},
  doi={10.1016/j.ocemod.2013.02.003}
}

@article{martynov2010simulation,
  title={Simulation of temperate freezing lakes by one-dimensional lake models: performance assessment for interactive coupling with regional climate models},
  author={Martynov, Andrey and Sushama, Laxmi and Laprise, Ren{\'e}},
  journal={Boreal Environment Research},
  volume={15},
  pages={143‚Äì-164},
  year={2010},
  publisher={Boreal Environment Research Publishing Board}
}

@article{mackay2009modeling,
  title={Modeling lakes and reservoirs in the climate system},
  author={MacKay, Murray D and Neale, Patrick J and Arp, Christopher D and De Senerpont Domis, Lisette N and Fang, Xing and Gal, Gideon and J{\"o}hnk, Klaus D and Kirillin, Georgiy and Lenters, John D and Litchman, Elena and others},
  journal={Limnology and Oceanography},
  volume={54},
  number={6part2},
  pages={2315--2329},
  year={2009},
  publisher={Wiley Online Library},
  doi={10.4319/lo.2009.54.6_part_2.2315}
}

@techreport{kiehl1996description,
  title={Description of the {NCAR} community climate model ({CCM}3)},
  author={Kiehl, JT and Hack, JJ and Bonan, GB and Boville, BA and Briegleb, BP},
  year={1996},
  type={Technical note},
  institution={National Center for Atmospheric Research, Boulder, CO (United States~‚Ä¶}
}

@article{henderson1985new,
  title={New formulation of eddy diffusion thermocline models},
  author={Henderson-Sellers, B},
  journal={Applied Mathematical Modelling},
  volume={9},
  number={6},
  pages={441--446},
  year={1985},
  publisher={Elsevier},
  doi={10.1016/0307-904X(85)90110-6}
}

@article{hostetler1990simulation,
  title={Simulation of lake evaporation with application to modeling lake level variations of {H}arney-{M}alheur {L}ake, {O}regon},
  author={Hostetler, Steven W and Bartlein, Patrick J},
  journal={Water Resources Research},
  volume={26},
  number={10},
  pages={2603--2612},
  year={1990},
  publisher={Wiley Online Library},
  doi={10.1029/WR026i010p02603}
}

@article{fang1996long,
  title={Long-term lake water temperature and ice cover simulations/measurements},
  author={Fang, Xing and Stefan, Heinz G},
  journal={Cold Regions Science and Technology},
  volume={24},
  number={3},
  pages={289--304},
  year={1996},
  publisher={Elsevier},
  doi={10.1016/0165-232X(95)00019-8}
}

@article{gu2015calibration,
  title={Calibration and validation of lake surface temperature simulations with the coupled {WRF}-lake model},
  author={Gu, Hongping and Jin, Jiming and Wu, Yihua and Ek, Michael B and Subin, Zachary M},
  journal={Climatic Change},
  volume={129},
  number={3},
  pages={471--483},
  year={2015},
  publisher={Springer},
  doi={10.1007/s10584-013-0978-y}
}

@article{stepanenko2010first,
  title={First steps of a lake model intercomparison project: {L}ake{MIP}},
  author={Stepanenko, Victor M and Goyette, Stephane and Martynov, Andrey and Perroud, Marjorie and Fang, Xing and Mironov, Dmitrii},
  journal={Boreal Environment Research},
  volume={15},
  pages={191‚Äì-202},
  year={2010},
  publisher={Boreal Environment Research Publishing Board}
}

@article{liang2012regional,
  title={Regional climate--weather research and forecasting model},
  author={Liang, Xin-Zhong and Xu, Min and Yuan, Xing and Ling, Tiejun and Choi, Hyun I and Zhang, Feng and Chen, Ligang and Liu, Shuyan and Su, Shenjian and Qiao, Fengxue and others},
  journal={Bulletin of the American Meteorological Society},
  volume={93},
  number={9},
  pages={1363--1387},
  year={2012},
  publisher={American Meteorological Society},
  doi={10.1175/BAMS-D-11-00180.1}
}

@article{xueshun2017development,
  title={Development and operation transformation of {GRAPES} global middle-range forecast system},
  author={Xueshun, Shen and Yong, Su and Jianglin, Hu and Jincheng, Wang and Jian, Sun and Jishan, Xue and Wei, Han and Hongliang, Zhang and Huijuan, Lu and Hua, Zhang and others},
  journal={Â∫îÁî®Ê∞îË±°Â≠¶Êä•},
  volume={28},
  number={1},
  pages={1--10},
  year={2017},
  publisher={Â∫îÁî®Ê∞îË±°Â≠¶Êä•},
  doi={10.11898/1001-7313.20170101}
}

@artice{ji2014basic,
aurtor = {Ji, D. and Wang, L. and Feng, J. and Wu, Q. and Cheng, H. and Zhang, Q. and Yang, J. and Dong, W. and Dai, Y. and Gong, D. and Zhang, R.-H. and Wang, X. and Liu, J. and Moore, J. C. and Chen, D. and Zhou, M.},
title = {Description and basic evaluation of {B}eijing {N}ormal {U}niversity {E}arth {S}ystem {M}odel ({BNU}-{ESM}) version 1},
journal = {Geoscientific Model Development},
volume = {7},
year = {2014},
number = {5},
pages = {2039--2064},
url = {https://gmd.copernicus.org/articles/7/2039/2014/},
doi = {10.5194/gmd-7-2039-2014}
}

@article{sun2012assessments,
  title={Assessments of the climate system model ({CAS}--{ESM}--{C}) using {IAP} {AGCM}4 as its atmospheric component},
  author={Sun, HC and Zhou, GQ and Zeng, QC},
  journal={Chinese Journal of Atmospheric Sciences},
  volume={36},
  number={2},
  pages={215--233},
  year={2012},
  doi={10.3878/j.issn.1006-9895.2011.11062}
}

@article{zhang2017evaluating,
  title={Evaluating {C}ommon {L}and {M}odel energy fluxes using {FLUXNET} data},
  author={Zhang, Xiangxiang and Dai, Yongjiu and Cui, Hongzhi and Dickinson, Robert E and Zhu, Siguang and Wei, Nan and Yan, Binyan and Yuan, Hua and Shangguan, Wei and Wang, Lili and others},
  journal={Advances in Atmospheric Sciences},
  volume={34},
  number={9},
  pages={1035--1046},
  year={2017},
  publisher={Springer},
  doi={10.1007/s00376-017-6251-y}
}

@article{xin2006application,
  title={The application of {C}o{LM} to arid region of northwest {C}hina and {Q}inghai-{X}izang {P}lateau},
  author={Xin, Y and Bian, L and Zhang, XH},
  journal={Plateau Meteorology},
  volume={25},
  number={4},
  pages={567--574},
  year={2006}
}

@article{luo2009development,
  title={Development and validation of the frozen soil parameterization scheme in {C}ommon {L}and {M}odel},
  author={Luo, Siqiong and L{\"u}, Shihua and Zhang, Yu},
  journal={Cold Regions Science and Technology},
  volume={55},
  number={1},
  pages={130--140},
  year={2009},
  publisher={Elsevier},
  doi={10.1016/j.coldregions.2008.07.009}
}

@article{song2008simulation,
  title={Simulation of latent heat flux exchange between land surface and atmosphere in temperate mixed forest and subtropical artificial coniferous forest sites in {C}hina by {C}o{LM}},
  author={Song, YM and Guo, WD and Zhang, YC},
  journal={Plateau Meteorology},
  volume={8},
  number={5},
  pages={E60429--E60433},
  year={2008}
}

@techreport{bonan1996land,
  title={Land surface model ({LSM} version 1.0) for ecological, hydrological, and atmospheric studies: Technical description and users guide},
  author={Bonan, Gordon B},
  year={1996},
  institution={National Center for Atmospheric Research},
  type={Technical note},
  number={NCAR/TN-417+STR},
  address = {Boulder, CO, United States}
}

@article{hostetler1993interactive,
  title={Interactive coupling of a lake thermal model with a regional climate model},
  author={Hostetler, Steven W and Bates, G TÍé¨ and Giorgi, Filippo},
  journal={Journal of Geophysical Research: Atmospheres},
  volume={98},
  number={D3},
  pages={5045--5057},
  year={1993},
  publisher={Wiley Online Library},
  doi={10.1029/92JD02843}
}

@article{li2017evaluation,
  title={Evaluation of the {C}ommon {L}and {M}odel ({C}o{LM}) from the perspective of water and energy budget simulation: Towards inclusion in {CMIP}6},
  author={Li, Chengwei and Lu, Hui and Yang, Kun and Wright, Jonathon S and Yu, Le and Chen, Yingying and Huang, Xiaomeng and Xu, Shiming},
  journal={Atmosphere},
  volume={8},
  number={8},
  pages={141},
  year={2017},
  publisher={MDPI},
  doi={10.3390/atmos8080141}
}

@article{wei2014impact,
  title={Impact of precipitation-induced sensible heat on the simulation of land-surface air temperature},
  author={Wei, Nan and Dai, Yongjiu and Zhang, Minghua and Zhou, Liming and Ji, Duoying and Zhu, Siguang and Wang, Lili},
  journal={Journal of Advances in Modeling Earth Systems},
  volume={6},
  number={4},
  pages={1311--1320},
  year={2014},
  publisher={Wiley Online Library},
  doi={10.1002/2014MS000322}
}

@book{zilitinkevich1972dynamics,
  title={The dynamics of the atmospheric boundary layer},
  author={Zilitinkevich,Sergeevich},
  year={1972},
  publisher={National Lending Library for Science and Technology}
}

@article{andreas1987theory,
  title={A theory for the scalar roughness and the scalar transfer coefficients over snow and sea ice},
  author={Andreas, Edgar L},
  journal={Boundary-Layer Meteorology},
  volume={38},
  number={1},
  pages={159--184},
  year={1987},
  publisher={Springer},
  doi={10.1007/BF00121562}
}

@article{haakanson1995models,
  title={Models to predict Secchi depth in small glacial lakes},
  author={H{\aa}kanson, Lars},
  journal={Aquatic sciences},
  volume={57},
  number={1},
  pages={31--53},
  year={1995},
  publisher={Springer},
  doi={10.1007/BF00878025}
}

@article{beyrich2006area,
  title={Area-averaged surface fluxes over the {LITFASS} region based on eddy-covariance measurements},
  author={Beyrich, Frank and Leps, Jens-Peter and Mauder, Matthias and Bange, Jens and Foken, Thomas and Huneke, Sven and Lohse, Horst and L{\"u}di, Andreas and Meijninger, Wouter ML and Mironov, Dmitrii and others},
  journal={Boundary-Layer Meteorology},
  volume={121},
  number={1},
  pages={33--65},
  year={2006},
  publisher={Springer},
  doi={10.1007/s10546-006-9052-x}
}

@article{lazhu2016quantifying,
  title={Quantifying evaporation and its decadal change for {L}ake {N}am {C}o, central {T}ibetan {P}lateau},
  author={Lazhu and Yang, Kun and Wang, Junbo and Lei, Yanbin and Chen, Yingying and Zhu, Liping and Ding, Baohong and Qin, Jun},
  journal={Journal of Geophysical Research: Atmospheres},
  volume={121},
  number={13},
  pages={7578--7591},
  year={2016},
  publisher={Wiley Online Library},
  doi={10.1002/2015JD024523}
}

@article{atakturk1999wind,
  title={Wind stress and surface waves observed on {L}ake {W}ashington},
  author={Atakt{\"u}rk, Serhad S and Katsaros, Kristina B},
  journal={Journal of Physical Oceanography},
  volume={29},
  number={4},
  pages={633--650},
  year={1999},
  publisher={American Meteorological Society},
  doi={10.1175/1520-0485(1999)029<0633:WSASWO>2.0.CO;2}
}

@article{li2016turbulent,
  title={Turbulent transfer coefficient and roughness length in a high-altitude lake, {T}ibetan {P}lateau},
  author={Li, Zhaoguo and Lyu, Shihua and Zhao, Lin and Wen, Lijuan and Ao, Yinhuan and Wang, Shaoying},
  journal={Theoretical and Applied Climatology},
  volume={124},
  number={3},
  pages={723--735},
  year={2016},
  publisher={Springer},
  doi={10.1007/s00704-015-1440-z}
}

@article{stepanenko2013one,
  title={A one-dimensional model intercomparison study of thermal regime of a shallow, turbid midlatitude lake},
  author={Stepanenko, VM and Martynov, A and J{\"o}hnk, KD and Subin, ZM and Perroud, M and Fang, X and Beyrich, F and Mironov, D and Goyette, St{\'e}phane},
  journal={Geoscientific Model Development},
  volume={6},
  number={4},
  pages={1337--1352},
  year={2013},
  publisher={Copernicus GmbH},
  doi={10.5194/gmd-6-1337-2013}
}

@article{cui2017seasonal,
  title={Seasonal variations of water balance and supply process based upon discharge monitoring in {R}anwu {L}ake of {S}outheast {T}ibet},
  author={Cui, YY and Zhu, LP and Ju, JT and others},
  journal={Acta Geographica Sinica},
  volume={72},
  pages={1221--1234},
  year={2017},
  doi={10.11821/dlxb201707008}
}

@article{Â¥îÈ¢ñÈ¢ñ2017,
  title={Âü∫‰∫éÊµÅÈáèÁõëÊµãÁöÑË•øËóè‰∏úÂçóÈÉ®ÁÑ∂‰πåÊπñÊ∞¥ÈáèÂπ≥Ë°°Â≠£ËäÇÂèòÂåñÂèäÂÖ∂Ë°•ÁªôËøáÁ®ãÂàÜÊûê},
  author={Â¥îÈ¢ñÈ¢ñ and Êú±Á´ãÂπ≥ and Èû†Âª∫Âª∑ and ÁΩó‰º¶ and ÁéãÊ∞∏Êù∞},
  journal={Âú∞ÁêÜÂ≠¶Êä•},
  volume={72},
  number={7},
  pages={1221--1234},
  year={2017},
  doi={10.11821/dlxb201707008}
}

@article{nan2017research,
  title={Research on the application of {WRF}-lake modeling at {N}am {C}o {L}ake on the {Q}inghai-{T}ibetan {P}lateau},
  author={Nan, FANG and Kun, YANG and Lazhu, Chen and Junbo, WANG and Liping, ZHU and others},
  journal={Plateau Meteorology},
  volume={36},
  number={3},
  pages={610--618},
  year={2017}
}

@article{zeng2002coupling,
  title={Coupling of the {C}ommon {L}and {M}odel to the {NCAR} community climate model},
  author={Zeng, Xubin and Shaikh, Muhammad and Dai, Yongjiu and Dickinson, Robert E and Myneni, Ranga},
  journal={Journal of Climate},
  volume={15},
  number={14},
  pages={1832--1854},
  doi = {10.1175/1520-0442(2002)015<1832:COTCLM>2.0.CO;2},
  year={2002}
}

@book{arya2001introduction,
  title={Introduction to Micrometeorology},
  author={Arya, S. Pal},
  year={2001},
  publisher={Academic Press}
}

@article{swenson2012new,
  title={A new fractional snow-covered area parameterization for the {C}ommunity {L}and {M}odel and its effect on the surface energy balance},
  author={Swenson, S CÍé¨ and Lawrence, DM},
  journal={Journal of Geophysical Research: Atmospheres},
  volume={117},
  number={D21},
  year={2012},
  publisher={Wiley Online Library},
  doi={10.1029/2012JD018178}
}

@article{clapp1978empirical,
  title={Empirical equations for some soil hydraulic properties},
  author={Clapp, Roger B and Hornberger, George M},
  journal={Water Resources Research},
  volume={14},
  number={4},
  pages={601--604},
  year={1978},
  publisher={Wiley Online Library},
  doi={10.1029/WR014i004p00601}
}

@article{philip1957theory,
  title={The theory of infiltration: 1. The infiltration equation and its solution},
  author={Philip, JR},
  journal={Soil Science},
  volume={83},
  number={5},
  pages={345--358},
  year={1957},
  publisher={LWW},
  doi={10.1097/00010694-195705000-00002}
}

@article{zeng2005vegetation,
  title={Vegetation‚Äîsoil water interaction within a dynamical ecosystem model of grassland in semi-arid areas},
  author={Zeng, Xiaodong and Zeng, Xubin and Shen, Samuel SP and Dickingson, Robert E and Zeng, Qing-Cun},
  journal={Tellus B: Chemical and Physical Meteorology},
  volume={57},
  number={3},
  pages={189--202},
  year={2005},
  publisher={Taylor \& Francis},
  doi={10.1111/j.1600-0889.2005.00151.x}
}

@article{anderson1998moored,
  title={Moored observations of precipitation temperature},
  author={Anderson, Steven P and Hinton, Alan and Weller, Robert A},
  journal={Journal of Atmospheric and Oceanic Technology},
  volume={15},
  number={4},
  pages={979--986},
  year={1998},
  publisher={American Meteorological Society},
  doi={10.1175/1520-0426(1998)015<0979:MOOPT>2.0.CO;2}
}

@techreport{jordan1991one,
  title={A one-dimensional temperature model for a snow cover: Technical documentation for {SNTHERM}. 89},
  author={Jordan, Rachel E},
  year={1991},
  type={Technical note},
  institution={Cold Regions Research and Engineering Laboratory (US)}
}

@article{cosby1984statistical,
  title={A statistical exploration of the relationships of soil moisture characteristics to the physical properties of soils},
  author={Cosby, BJ and Hornberger, GM and Clapp, RB and Ginn, ToR},
  journal={Water Resources Research},
  volume={20},
  number={6},
  pages={682--690},
  year={1984},
  publisher={Wiley Online Library},
  doi = {10.1029/WR020i006p00682}
}

@article{yamazaki2019merit,
  title={{MERIT} {H}ydro: A high-resolution global hydrography map based on latest topography dataset},
  author={Yamazaki, Dai and Ikeshima, Daiki and Sosa, Jeison and Bates, Paul D and Allen, George H and Pavelsky, Tamlin M},
  journal={Water Resources Research},
  volume={55},
  number={6},
  pages={5053--5073},
  year={2019},
  publisher={Wiley Online Library},
  doi={10.1029/2019WR024873}
}

@article {Zilitinkevich2001,
      author = "S. S. Zilitinkevich and A. A. Grachev and C. W. Fairall",
      title = "NOTES AND CORRESPONDECEScaling Reasoning and Field Data on the Sea Surface Roughness Lengths for Scalars",
      journal = "Journal of the Atmospheric Sciences",
      year = "2001",
      publisher = "American Meteorological Society",
      address = "Boston MA, USA",
      volume = "58",
      number = "3",
      doi = "10.1175/1520-0469(2001)058<0320:NACRAF>2.0.CO;2",
      pages=      "320--325"
}

@techreport{andreas1989thermal,
    author = {Andreas, Edgar L and others},
    title = {Thermal and size evolution of sea spray droplets},
    institution = {US Army Cold Regions Research and Engineering Laboratory},
    year = {1989},
    type = {CRREL Report},
    number = {89-11},
    address = {Hanover, NH}
}

@article{zhao2019towards,
  title={Towards global hydrological drought monitoring using remotely sensed reservoir surface area},
  author={Zhao, Gang and Gao, Huilin},
  journal={Geophysical Research Letters},
  volume={46},
  number={22},
  pages={13027--13035},
  year={2019},
  publisher={Wiley Online Library},
  doi={10.1029/2019GL085345}
}

@book{anderson1976point,
  title={A point energy and mass balance model of a snow cover},
  author={Anderson, Eric Andrew},
  year={1976},
  publisher={Stanford University}
}

@article{streck2003incorporating,
  title={Incorporating a chronology response into the prediction of leaf appearance rate in winter wheat},
  author={Streck, Nereu Augusto and Weiss, Albert and Xue, Q and Baenziger, P Stephen},
  journal={Annals of Botany},
  volume={92},
  number={2},
  pages={181--190},
  year={2003},
  publisher={Oxford University Press},
  doi={10.1093/aob/mcg121}
}

@article{flatau1992polynomial,
  title={Polynomial fits to saturation vapor pressure},
  author={Flatau, Piotr J and Walko, Robert L and Cotton, William R},
  journal={Journal of Applied Meteorology (1988-2005)},
  pages={1507--1513},
  year={1992},
  publisher={JSTOR},
  doi={10.1175/1520-0450(1992)031<1507:PFTSVP>2.0.CO;2}
}

@article{atkins2018quantifying,
  title={Quantifying vegetation and canopy structural complexity from terrestrial {L}I{DAR} data using the forestr {R} package},
  author={Atkins, Jeff W and Bohrer, Gil and Fahey, Robert T and Hardiman, Brady S and Morin, Timothy H and Stovall, Atticus EL and Zimmerman, Naupaka and Gough, Christopher M},
  journal={Methods in Ecology and Evolution},
  volume={9},
  number={10},
  pages={2057--2066},
  year={2018},
  publisher={Wiley Online Library},
  doi={10.1111/2041-210X.13061}
}

@article{pekel2016high,
  title={High-resolution mapping of global surface water and its long-term changes},
  author={Pekel, Jean-Fran{\c{c}}ois and Cottam, Andrew and Gorelick, Noel and Belward, Alan S},
  journal={Nature},
  volume={540},
  number={7633},
  pages={418--422},
  year={2016},
  publisher={Nature Publishing Group UK London},
  doi={10.1038/nature20584}
}

@article{zhao2018automatic,
  title={Automatic correction of contaminated images for assessment of reservoir surface area dynamics},
  author={Zhao, Gang and Gao, Huilin},
  journal={Geophysical Research Letters},
  volume={45},
  number={12},
  pages={6092--6099},
  year={2018},
  doi = {10.1029/2018GL078343},
  publisher={Wiley Online Library}
}

@article{fatichi2020soil,
  title={Soil structure is an important omission in {E}arth {S}ystem {M}odels},
  author={Fatichi, Simone and Or, Dani and Walko, Robert and Vereecken, Harry and Young, Michael H and Ghezzehei, Teamrat A and Hengl, Tomislav and Kollet, Stefan and Agam, Nurit and Avissar, Roni},
  journal={Nature Communications},
  volume={11},
  number={1},
  pages={522},
  year={2020},
  publisher={Nature Publishing Group UK London},
  doi={10.1038/s41467-020-14411-z}
}

@article{walko2008ocean,
  title={The ocean--land--atmosphere model ({OLAM}). {P}art {I}: Shallow-water tests},
  author={Walko, Robert L and Avissar, Roni},
  journal={Monthly Weather Review},
  volume={136},
  number={11},
  pages={4033--4044},
  year={2008},
  publisher={American Meteorological Society},
  doi={10.1175/2008MWR2522.1}
}

@article{walko_direct_2011,
  title = {A Direct Method for Constructing ReÔ¨Åned Regions in Unstructured Conforming Triangular‚ÄìHexagonal Computational Grids: Application to {OLAM}},
  volume = {139},
  journal = {Monthly Weather Review},
  author = {Walko, Robert L and Avissar, Roni},
  year = {2011},
  pages = {15},
  doi = {10.1175/MWR-D-11-00021.1}
}


@article{tomita2002optimization,
  title={An optimization of the icosahedral grid modified by spring dynamics},
  author={Tomita, Hirofumi and Satoh, Masaki and Goto, Koji},
  journal={Journal of Computational Physics},
  volume={183},
  number={1},
  pages={307--331},
  year={2002},
  publisher={Elsevier},
  doi={10.1006/jcph.2002.7193}
}

@inproceedings{yen1981review,
  title={Review of Thermal Properties of Snow, Ice and Sea Ice},
  author={Yin-Chao. Yen},
  year={1981},
  url={https://api.semanticscholar.org/CorpusID:128161272},
  publisher={US Army, Corps of Engineers, Cold Regions Research and Engineering Laboratory}
}

@article{jordan1999heat,
  title={Heat budget of snow-covered sea ice at {N}orth {P}ole 4},
  author={Jordan, Rachel E and Andreas, Edgar L and Makshtas, Aleksandr P},
  journal={Journal of Geophysical Research: Oceans},
  volume={104},
  number={C4},
  pages={7785--7806},
  year={1999},
  publisher={Wiley Online Library},
  doi={10.1029/1999JC900011}
}

@article{Cosgrove2003,
author = {Cosgrove, Brian A. and Lohmann, Dag and Mitchell, Kenneth E. and Houser, Paul R. and Wood, Eric F. and Schaake, John C. and Robock, Alan and Marshall, Curtis and Sheffield, Justin and Duan, Qingyun and Luo, Lifeng and Higgins, R. Wayne and Pinker, Rachel T. and Tarpley, J. Dan and Meng, Jesse},
title = {Real-time and retrospective forcing in the {N}orth {A}merican {L}and {D}ata {A}ssimilation {S}ystem ({NLDAS}) project},
journal = {Journal of Geophysical Research: Atmospheres},
volume = {108},
number = {D22},
pages = {},
keywords = {NLDAS, North American Land Data Assimilation System, forcing data, LSM, land surface modeling, LDAS},
url = {10.1029/2002JD003118},
year = {2003}
}

@article{Tesfa2020,
author = {Tesfa, Teklu K. and Leung, L. Ruby and Ghan, Steven J.},
title = {Exploring Topography-Based Methods for Downscaling Subgrid Precipitation for Use in {E}arth {S}ystem {M}odels},
journal = {Journal of Geophysical Research: Atmospheres},
volume = {125},
number = {5},
pages = {e2019JD031456},
keywords = {downscaling, precipitation, subgrid structure, land surface modeling, topography},
url = {https://agupubs.onlinelibrary.wiley.com/doi/abs/10.1029/2019JD031456},
eprint = {https://agupubs.onlinelibrary.wiley.com/doi/pdf/10.1029/2019JD031456},
year = {2020},
doi = {10.1029/2019JD031456}
}

@article{liston2006distributed,
  title={A distributed snow-evolution modeling system (SnowModel)},
  author={Liston, Glen E and Elder, Kelly},
  journal={Journal of Hydrometeorology},
  volume={7},
  number={6},
  pages={1259--1276},
  year={2006},
  doi={10.1175/JHM548.1}
}

@article{fiddes2014toposcale,
  title={Topo{SCALE} v. 1.0: downscaling gridded climate data in complex terrain},
  author={Fiddes, J and Gruber, S},
  journal={Geoscientific Model Development},
  volume={7},
  number={1},
  pages={387--405},
  year={2014},
  publisher={Copernicus GmbH},
  doi={10.5194/gmd-7-387-2014}
}

@article{konzelmann1994parameterization,
  title={Parameterization of global and longwave incoming radiation for the {G}reenland {I}ce {S}heet},
  author={Konzelmann, Thomas and van de Wal, Roderik SW and Greuell, Wouter and Bintanja, Richard and Henneken, Edwin AC and Abe-Ouchi, Ayako},
  journal={Global and Planetary change},
  volume={9},
  number={1-2},
  pages={143--164},
  year={1994},
  publisher={Elsevier},
  doi={10.1016/0921-8181(94)90013-2}
}

@Article{Tricht2016,
AUTHOR = {van Tricht, K. and Lhermitte, S. and Gorodetskaya, I. V. and van Lipzig, N. P. M.},
TITLE = {Improving satellite-retrieved surface radiative fluxes in polar regions using a smart sampling approach},
JOURNAL = {The Cryosphere},
VOLUME = {10},
YEAR = {2016},
NUMBER = {5},
PAGES = {2379--2397},
URL = {https://tc.copernicus.org/articles/10/2379/2016/},
doi = {10.5194/tc-10-2379-2016}
}

@article {liston2006Meteorological,
      author = "Glen E.  Liston and Kelly  Elder",
      title = "A Meteorological Distribution System for High-Resolution Terrestrial Modeling ({M}icro{M}et)",
      journal = "Journal of Hydrometeorology",
      year = "2006",
      publisher = "American Meteorological Society",
      address = "Boston MA, USA",
      volume = "7",
      number = "2",
      pages=      "217 - 234",
      url = "https://journals.ametsoc.org/view/journals/hydr/7/2/jhm486_1.xml",
      doi = {10.1175/JHM486.1}
}

@article{qian2006simulation,
  title={Simulation of global land surface conditions from 1948 to 2004. {P}art {I}: Forcing data and evaluations},
  author={Qian, Taotao and Dai, Aiguo and Trenberth, Kevin E and Oleson, Keith W},
  journal={Journal of Hydrometeorology},
  volume={7},
  number={5},
  pages={953--975},
  year={2006},
  publisher={American Meteorological Society},
  doi={10.1175/JHM540.1}
}

@article{Viovy2011,
    author ="Viovy, I" ,
    title = {C{RUNCEP} {V}ersion 4 --- Atmospheric Forcing Data for the {C}ommunity {L}and {M}odel},
    journal = {Research Data Archive at the National Center for Atmospheric Research, Computational and Information Systems Laboratory data set, Boulder, CO},
    year = {2011}
}

@article{Viovy2018,
    author = "Viovy, I",
    title = {C{RUNCEP} {V}ersion 7 ---Atmospheric Forcing Data for the {C}ommunity {L}and {M}odel},
    journal = {Research Data Archive at the National Center for Atmospheric Research, Computational and Information Systems Laboratory data set, Boulder, CO},
    year = {2018},
    doi = {10.5065/PZ8F-F017}
}

@article{Harris2019,
    author = "Harris, I",
    title = {{CRU} {JRA} v1.1: A forcings dataset of gridded land surface blend of {C}limatic {R}esearch {U}nit ({CRU}) and {J}apanese reanalysis ({JRA}) data; {J}an. 1901 --- {D}ec. 2017},
    journal = {Centre for Environmental Data Analysis, 25 February 2019},
    year = {2019},
    doi = {10.2151/jmsj.2015-001}
}

@article{sheffield2006development,
  title={Development of a 50-year high-resolution global dataset of meteorological forcings for land surface modeling},
  author={Sheffield, Justin and Goteti, Gopi and Wood, Eric F},
  journal={Journal of climate},
  volume={19},
  number={13},
  pages={3088--3111},
  year={2006},
  publisher={American Meteorological Society},
  doi={10.1175/JCLI3790.1}
}

@article{Kim2017,
  title={Global {S}oil {W}etness {P}roject {P}hase 3 Atmospheric Boundary Conditions (Experiment 1) Data set},
  author={Kim, H},
  journal={Data Integration and Analysis System (DIAS)},
  year={2017},
}

@article{rodell2004global,
  title={The {G}lobal {L}and {D}ata {A}ssimilation {S}ystem},
  author={Rodell, Matthew and Houser, PR and Jambor, UEA and Gottschalck, J and Mitchell, Kieran and Meng, C-J and Arsenault, Kristi and Cosgrove, B and Radakovich, J and Bosilovich, M and others},
  journal={Bulletin of the American Meteorological Society},
  volume={85},
  number={3},
  pages={381--394},
  year={2004},
  publisher={American Meteorological Society},
  doi={10.1175/BAMS-85-3-381}
}

@article{kumar2006land,
  title={Land information system: An interoperable framework for high resolution land surface modeling},
  author={Kumar, Sujay V and Peters-Lidard, Christa D and Tian, Yudong and Houser, Paul R and Geiger, James and Olden, S and Lighty, L and Eastman, Joseph L and Doty, B and Dirmeyer, P and others},
  journal={Environmental Modelling \& Software},
  volume={21},
  number={10},
  pages={1402--1415},
  year={2006},
  publisher={Elsevier},
  doi={10.1016/j.envsoft.2005.07.004}
}

@article{weedon2011creation,
  title={Creation of the {WATCH} forcing data and its use to assess global and regional reference crop evaporation over land during the twentieth century},
  author={Weedon, GP and Gomes, S and Viterbo, P and Shuttleworth, W James and Blyth, E and {\"O}sterle, H and Adam, JC and Bellouin, Nicolas and Boucher, O and Best, M},
  journal={Journal of Hydrometeorology},
  volume={12},
  number={5},
  pages={823--848},
  year={2011},
  publisher={American Meteorological Society},
  doi={10.1175/2011JHM1369.1}
}

@article{weedon2014wfdei,
  title={The {WFDEI} meteorological forcing data set: {WATCH} {F}orcing {D}ata methodology applied to {ERA}-{I}nterim reanalysis data},
  author={Weedon, Graham P and Balsamo, Gianpaolo and Bellouin, Nicolas and Gomes, Sandra and Best, Martin J and Viterbo, Pedro},
  journal={Water Resources Research},
  volume={50},
  number={9},
  pages={7505--7514},
  year={2014},
  publisher={Wiley Online Library},
  doi={10.1002/2014WR015638}
}

@article{hersbach2020era5,
  title={The {ERA}5 global reanalysis},
  author={Hersbach, Hans and Bell, Bill and Berrisford, Paul and Hirahara, Shoji and Hor{\'a}nyi, Andr{\'a}s and Mu{\~n}oz-Sabater, Joaqu{\'\i}n and Nicolas, Julien and Peubey, Carole and Radu, Raluca and Schepers, Dinand and others},
  journal={Quarterly Journal of the Royal Meteorological Society},
  volume={146},
  number={730},
  pages={1999--2049},
  year={2020},
  publisher={Wiley Online Library},
  doi={10.1002/qj.3803}
}

@article{bell2021era5,
  title={The {ERA}5 global reanalysis: Preliminary extension to 1950},
  author={Bell, Bill and Hersbach, Hans and Simmons, Adrian and Berrisford, Paul and Dahlgren, Per and Hor{\'a}nyi, Andr{\'a}s and Mu{\~n}oz-Sabater, Joaqu{\'\i}n and Nicolas, Julien and Radu, Raluca and Schepers, Dinand and others},
  journal={Quarterly Journal of the Royal Meteorological Society},
  volume={147},
  number={741},
  pages={4186--4227},
  year={2021},
  publisher={Wiley Online Library},
  doi={10.1002/qj.4174}
}

@article{munoz2021era5,
  title={E{RA}5-{L}and: A state-of-the-art global reanalysis dataset for land applications},
  author={Mu{\~n}oz-Sabater, Joaqu{\'\i}n and Dutra, Emanuel and Agust{\'\i}-Panareda, Anna and Albergel, Cl{\'e}ment and Arduini, Gabriele and Balsamo, Gianpaolo and Boussetta, Souhail and Choulga, Margarita and Harrigan, Shaun and Hersbach, Hans and others},
  journal={Earth system science data},
  volume={13},
  number={9},
  pages={4349--4383},
  year={2021},
  publisher={Copernicus GmbH},
  doi={10.5194/essd-13-4349-2021}
}

@article{beck2022mswx,
  title={M{SWX}: Global 3-hourly 0.1\textdegree\ bias-corrected meteorological data including near-real-time updates and forecast ensembles},
  author={Beck, Hylke E and Van Dijk, Albert IJM and Larraondo, Pablo R and McVicar, Tim R and Pan, Ming and Dutra, Emanuel and Miralles, Diego G},
  journal={Bulletin of the American Meteorological Society},
  volume={103},
  number={3},
  pages={E710--E732},
  year={2022},
  doi={10.1175/BAMS-D-21-0145.1}
}

@article{kobayashi2015jra,
  title={The {JRA}-55 reanalysis: General specifications and basic characteristics},
  author={Kobayashi, Shinya and Ota, Yukinari and Harada, Yayoi and Ebita, Ayataka and Moriya, Masami and Onoda, Hirokatsu and Onogi, Kazutoshi and Kamahori, Hirotaka and Kobayashi, Chiaki and Endo, Hirokazu and others},
  journal={Journal of the Meteorological Society of Japan. Ser. II},
  volume={93},
  number={1},
  pages={5--48},
  year={2015},
  publisher={Meteorological Society of Japan},
  doi={10.2151/jmsj.2015-001}
}

@article{cucchi2020wfde5,
  title={{WFDE}5: bias-adjusted {ERA}5 reanalysis data for impact studies},
  author={Cucchi, Marco and Weedon, Graham P and Amici, Alessandro and Bellouin, Nicolas and Lange, Stefan and M{\"u}ller Schmied, Hannes and Hersbach, Hans and Buontempo, Carlo},
  journal={Earth System Science Data},
  volume={12},
  number={3},
  pages={2097--2120},
  year={2020},
  publisher={Copernicus GmbH},
  doi = {10.5194/essd-12-2097-2020}
}

@article{Yang2019CMFD,
 author = {Kun Yang and Jie He and TANG Wenjun and Hui Lu and Jun Qin and Yingying Chen and Xin Li},
 cstr = {18406.11.AtmosphericPhysics.tpe.249369.file},
 journal = {A Big Earth Data Platform for Three Poles},
 month = {05},
 publisher = {},
 title = {China meteorological forcing dataset (1979-2018)},
 year = {2019}
}

@article{He2019CMFD,
  title={The first high-resolution meteorological forcing dataset for land process studies over {C}hina},
  author={He, Jie and Yang, Kun and Tang, Wenjun and Lu, Hui and Qin, Jun and Chen, Yingying and Li, Xin},
  journal={Scientific Data},
  volume={7},
  number={1},
  pages={25},
  year={2020},
  publisher={Nature Publishing Group UK London},
  doi={10.1038/s41597-020-0369-y}
}

@article{Yang2023TPMFD,
  title={A high-resolution near-surface meteorological forcing dataset for the {T}hird {P}ole regionÔºà{TPMFD}), 1979-2020},
  author={Yang, K. and Jiang, Y.and Tang, W. and He, J. and Shao, C. and Zhou, X. and Lu, H. and Chen, Y. and Li, X. and Shi, J.},
  journal={A Big Earth Data Platform for Three Poles},
  year={2023},
}

@article{ukkola2022flux,
  title={A flux tower dataset tailored for land model evaluation},
  author={Ukkola, Anna M and Abramowitz, Gab and De Kauwe, Martin G},
  journal={Earth System Science Data},
  volume={14},
  number={2},
  pages={449--461},
  year={2022},
  publisher={Copernicus GmbH},
  doi={10.5194/essd-14-449-2022}
}

@misc{cmip6,
      url = {https://doi.org/10.22033/ESGF/CMIP6.762},
      title = {{MPI}-{M} {MPIESM}1.2-{HR} model output prepared for {CMIP}6 {H}igh{R}es{MIP}},
      publisher = {Earth System Grid Federation},
      year = {2017},
      author = {von Storch, Jin-Song and Putrasahan, Dian and Lohmann, Katja and Gutjahr, Oliver and Jungclaus, Johann and Bittner, Matthias and Haak, Helmuth and Wieners, Karl-Hermann and Giorgetta, Marco and Reick, Christian and Esch, Monika and Gayler, Veronika and de Vrese, Philipp and Raddatz, Thomas and Mauritsen, Thorsten and Behrens, J\"{o}rg and Brovkin, Victor and Claussen, Martin and Crueger, Traute and Fast, Irina and Fiedler, Stephanie and Hagemann, Stefan and Hohenegger, Cathy and Jahns, Thomas and Kloster, Silvia and Kinne, Stefan and Lasslop, Gitta and Kornblueh, Luis and Marotzke, Jochem and Matei, Daniela and Meraner, Katharina and Mikolajewicz, Uwe and Modali, Kameswarrao and M\"{u}ller, Wolfgang and Nabel, Julia and Notz, Dirk and Peters-von Gehlen, Karsten and Pincus, Robert and Pohlmann, Holger and Pongratz, Julia and Rast, Sebastian and Schmidt, Hauke and Schnur, Reiner and Schulzweida, Uwe and Six, Katharina and Stevens, Bjorn and Voigt, Aiko and Roeckner, Erich}
}

@misc{Buchner2022,
    author = {Matthias B√ºchner and Christopher Reyer},
    year = {2022},
    title = {I{SIMIP}3b atmospheric composition input data},
    version = {1.1},
    publisher = {ISIMIP Repository},
    url = {https://doi.org/10.48364/ISIMIP.482153.1}
}

@Article{Lamarque2010Historical,
  author = {Lamarque, J.-F. and Bond, T. C. and Eyring, V. and Granier, C. and Heil, A. and Klimont, Z. and Lee, D. and Liousse, C. and Mieville, A. and Owen, B. and Schultz, M. G. and Shindell, D. and Smith, S. J. and Stehfest, E. and Van Aardenne, J. and Cooper, O. R. and Kainuma, M. and Mahowald, N. and McConnell, J. R. and Naik, V. and Riahi, K. and van Vuuren, D. P.},
  title = {Historical (1850‚Äì2000) gridded anthropogenic and biomass burning emissions of reactive gases and aerosols: methodology and application},
  journal = {Atmospheric Chemistry and Physics},
  volume = {10},
  year = {2010},
  number = {15},
  pages = {7017--7039},
  url = {https://acp.copernicus.org/articles/10/7017/2010/},
  doi = {10.5194/acp-10-7017-2010}
}

@article{keeling1994atmospheric,
  title={Atmospheric {CO}$_2$ records from sites in the {SIO} air sampling network},
  author={Keeling, CD and Whorf, TP},
  journal={Trends},
  volume={93},
  pages={16--26},
  year={1994}
}

@inproceedings{Toro2001ShockCapturingMF,
  title={Shock-Capturing Methods for Free-Surface Shallow Flows},
  author={Eleuterio F. Toro},
  year={2001},
  url={https://api.semanticscholar.org/CorpusID:118902986}
}

@article{audusse2004scientificcomputing,
  author = {Audusse, Emmanuel and Bouchut, Fran\c{c}ois and Bristeau, Marie-Odile and Klein, Rupert and Perthame, Beno\i{}‚ÅÅt},
  doi = {10.1137/S1064827503431090},
  journal = {SIAM Journal on Scientific Computing},
  number = {6},
  pages = {2050-2065},
  title = {A Fast and Stable Well-Balanced Scheme with Hydrostatic Reconstruction for Shallow Water Flows},
  url = {https://doi.org/10.1137/S1064827503431090},
  volume = {25},
  year = {2004}
}


@article{LIANG2009221,
	author = {Qiuhua Liang and Alistair G.L. Borthwick},
	issn = {0045-7930},
	journal = {Computers \& Fluids},
	number = {2},
	pages = {221-234},
	title = {Adaptive quadtree simulation of shallow flows with wet--dry fronts over complex topography},
	url = {https://www.sciencedirect.com/science/article/pii/S0045793008000479},
	volume = {38},
	year = {2009}
}

@article{Troch2003WRR,
	author = {Troch, Peter A. and Paniconi, Claudio and Emiel van Loon, E.},
	journal = {Water Resources Research},
	keywords = {subsurface flow, hillslope drainage, Boussinesq equation, groundwater modeling, model simplification, linearization},
	number = {11},
	title = {Hillslope-storage {B}oussinesq model for subsurface flow and variable source areas along complex hillslopes: 1. Formulation and characteristic response},
	url = {https://agupubs.onlinelibrary.wiley.com/doi/abs/10.1029/2002WR001728},
	volume = {39},
	year = {2003}
}

@techreport{oleson2013technical,
    author = {Oleson, KW and Lawrence, DM and Bonan, GB and Drewniak, B and Huang, M and Koven, CD and Levis, S and Li, F and Riley, WJ and Subin, ZM and others},
    title = {Technical Description of version 4.5 of the {C}ommunity {L}and {M}odel ({CLM})},
    institution = {National Center for Atmospheric Research},
    address = {Colorado, PO Box 3000},
    type = {Technical Note},
    number = {NCAR/TN-503+STR},
    year = {2013}
}

@article{lawrence2019community,
  title={The {C}ommunity {L}and {M}odel version 5: Description of new features, benchmarking, and impact of forcing uncertainty},
  author={Lawrence, David M and Fisher, Rosie A and Koven, Charles D and Oleson, Keith W and Swenson, Sean C and Bonan, Gordon and Collier, Nathan and Ghimire, Bardan and van Kampenhout, Leo and Kennedy, Daniel and others},
  journal={Journal of Advances in Modeling Earth Systems},
  volume={11},
  number={12},
  pages={4245--4287},
  year={2019},
  publisher={Wiley Online Library},
  doi = {10.1029/2018MS001583}
}

@article{niu2011community,
  title={The community {N}oah land surface model with multiparameterization options ({N}oah-{MP}): 1. {M}odel description and evaluation with local-scale measurements},
  author={Niu, Guo-Yue and Yang, Zong-Liang and Mitchell, Kenneth E and Chen, Fei and Ek, Michael B and Barlage, Michael and Kumar, Anil and Manning, Kevin and Niyogi, Dev and Rosero, Enrique and others},
  journal={Journal of Geophysical Research: Atmospheres},
  volume={116},
  number={D12},
  year={2011},
  publisher={Wiley Online Library},
  doi={10.1029/2010JD015139}
}
@article{RENJUN1992371,
title = {The Xinanjiang model applied in China},
journal = {Journal of Hydrology},
volume = {135},
number = {1},
pages = {371-381},
year = {1992},
issn = {0022-1694},
doi = {https://doi.org/10.1016/0022-1694(92)90096-E},
url = {https://www.sciencedirect.com/science/article/pii/002216949290096E},
author = {Zhao, Ren-Jun},
}
@article{he2023modernizing,
  title={Modernizing the open-source community {N}oah-{MP} land surface model (version 5.0) with enhanced modularity, interoperability, and applicability},
  author={He, Cenlin and Valayamkunnath, Prasanth and Barlage, Michael and Chen, Fei and Gochis, David and Cabell, Ryan and Schneider, Tim and Rasmussen, Roy and Niu, Guo-Yue and Yang, Zong-Liang and others},
  journal={Geoscientific Model Development},
  volume={16},
  pages={5131‚Äì-5151},
  year={2023},
  publisher={Copernicus Publications G{\"o}ttingen, Germany},
  doi={10.5194/gmd-16-5131-2023}
}

@article{liang1994simple,
  title={A simple hydrologically based model of land surface water and energy fluxes for general circulation models},
  author={Liang, Xu and Lettenmaier, Dennis P and Wood, Eric F and Burges, Stephen J},
  journal={Journal of Geophysical Research: Atmospheres},
  volume={99},
  number={D7},
  pages={14415--14428},
  year={1994},
  publisher={Wiley Online Library},
  doi={10.1029/94JD00483}
}
@article{Liang2003Anew,
author = {Liang, Xu and Xie, Zhenghui and Huang, Maoyi},
title = {A new parameterization for surface and groundwater interactions and its impact on water budgets with the variable infiltration capacity (VIC) land surface model},
journal = {Journal of Geophysical Research: Atmospheres},
volume = {108},
number = {D16},
pages = {},
keywords = {surface and groundwater interactions, groundwater table, soil moisture, evaporation, runoff, VIC land surface model},
doi = {https://doi.org/10.1029/2002JD003090},
url = {https://agupubs.onlinelibrary.wiley.com/doi/abs/10.1029/2002JD003090},
eprint = {https://agupubs.onlinelibrary.wiley.com/doi/pdf/10.1029/2002JD003090},
year = {2003}
}


@article{hamman2018variable,
  title={The {V}ariable {I}nfiltration {C}apacity model version 5 ({VIC}-5): Infrastructure improvements for new applications and reproducibility},
  author={Hamman, Joseph J and Nijssen, Bart and Bohn, Theodore J and Gergel, Diana R and Mao, Yixin},
  journal={Geoscientific Model Development},
  volume={11},
  number={8},
  pages={3481--3496},
  year={2018},
  publisher={Copernicus GmbH},
  doi={10.5194/gmd-11-3481-2018}
}

@article{storck2002measurement,
  title={Measurement of snow interception and canopy effects on snow accumulation and melt in a mountainous maritime climate, {O}regon, {U}nited {S}tates},
  author={Storck, Pascal and Lettenmaier, Dennis P and Bolton, Susan M},
  journal={Water Resources Research},
  volume={38},
  number={11},
  pages={1223},
  year={2002},
  publisher={Wiley Online Library},
  doi={10.1029/2002WR001281}
}

@article{kobayashi1987snow,
  title={Snow accumulation on a narrow board},
  author={Kobayashi, Daiji},
  journal={Cold Regions Science and Technology},
  volume={13},
  number={3},
  pages={239--245},
  year={1987},
  publisher={Elsevier},
  doi={10.1016/0165-232X(87)90005-X}
}

@article{pfister1999snow,
  title={Snow accumulation on boards of different sizes and shapes},
  author={Pfister, R and Schneebeli, M},
  journal={Hydrological Processes},
  volume={13},
  number={14-15},
  pages={2345--2355},
  year={1999},
  doi = {10.1002/(SICI)1099-1085(199910)13:14/15<2345::AID-HYP873>3.0.CO;2-N},
  publisher={Wiley Online Library}
}

@article{Wang-etal_19WetBulb,
  author = {Yuan-Heng Wang and Patrick Broxton and Yuanhao Fang and Ali Behrangi and Michael Barlage and Xubin Zeng and Guo-Yue Niu},
  title = {A Wet-Bulb Temperature-Based Rain Snow Partitioning Scheme Improves Snowpack Prediction Over the Drier Western {U}nited {S}tates},
  journal = {Geophysical Research Letters},
  year = {2019},
  volume = {46},
  number = {23},
  pages = {13825--13835},
  publisher={Wiley Online Library},
  doi = {10.1029/2019GL085722}
}

@article{harder2013estimating,
  title={Estimating precipitation phase using a psychrometric energy balance method},
  author={Harder, Phillip and Pomeroy, John},
  journal={Hydrological Processes},
  volume={27},
  number={13},
  pages={1901--1914},
  year={2013},
  publisher={Wiley Online Library},
  doi={10.1002/hyp.9799}
}

@misc{us1956snow,
  title={Snow hydrology: Summary report of the snow investigations},
  author={{US Army Corps of Engineers}},
  year={1956},
  publisher={North Pacific Division Portland, OR}
}

@article{majasalmi2019evaluation,
  title={Evaluation of leaf-level optical properties employed in land surface models},
  author={Majasalmi, Titta and Bright, Ryan M},
  journal={Geoscientific Model Development},
  volume={12},
  number={9},
  pages={3923--3938},
  year={2019},
  publisher={Copernicus Publications G{\"o}ttingen, Germany},
  doi={10.5194/gmd-12-3923-2019}
}

@article{dong2021effects,
  title={Effects of Incorporating Measured Leaf Optical Properties in Land Surface Models},
  author={Dong, Wenzong and Yuan, Hua and Zhang, Ruqing and Li, Hongmei and Huang, Lina and Zhu, Siguang and Peng, Jingman and Dai, Yongjiu},
  journal={Frontiers in Earth Science},
  volume={9},
  pages={663917},
  year={2021},
  publisher={Frontiers Media SA},
  doi={10.3389/feart.2021.663917}
}

@article{li2022global,
  title={Global maps of {{3D}} built-up patterns for urban morphological analysis},
  author={Li, Mengmeng and Wang, Yuan and Rosier, Job F and Verburg, Peter H and van Vliet, Jasper},
  journal={International Journal of Applied Earth Observation and Geoinformation},
  volume={114},
  pages={103048},
  year={2022},
  publisher={Elsevier},
  doi = {10.1016/j.jag.2022.103048}
}

@article{lang2022global,
  title={Global canopy height regression and uncertainty estimation from {GEDI} {LIDAR} waveforms with deep ensembles},
  author={Lang, Nico and Kalischek, Nikolai and Armston, John and Schindler, Konrad and Dubayah, Ralph and Wegner, Jan Dirk},
  journal={Remote Sensing of Environment},
  volume={268},
  pages={112760},
  year={2022},
  publisher={Elsevier}
}

@article{voisin2013improved,
  title={On an improved sub-regional water resources management representation for integration into earth system models},
  author={Voisin, Nathalie and Li, Hongyi and Ward, D and Huang, Maoyi and Wigmosta, M and Leung, LR},
  journal={Hydrology and Earth System Sciences},
  volume={17},
  number={9},
  pages={3605--3622},
  year={2013},
  publisher={Copernicus Publications G{\"o}ttingen, Germany},
  doi={10.5194/hess-17-3605-2013}
}

@article{Shin-etal_19,
    author = {Shin, S. and Pokhrel, Y. and Miguez‚ÄêMacho, G.},
    title = {High‚Äêresolution modeling of reservoir release and storage dynamics at the continental scale},
    journal = {Water Resources Research},
    year = {2019},
    volume = {55},
    number = {1},
    pages  = {787--810},
    doi = {10.1029/2018WR023025}
}

@article{Yan2019thermal,
  author = {Yan, Hengnian and He, Hailong and Dyck, Miles and Jin, Huijun and Li, Min and Si, Bingcheng and Lv, Jialong},
  journal = {Geoderma},
  pages = {227--242},
  publisher = {Elsevier},
  title = {A generalized model for estimating effective soil thermal conductivity based on the {K}asubuchi algorithm},
  volume = {353},
  year = {2019},
  doi = {10.1016/j.geoderma.2019.06.031}
}

@article{PL_98,
    author = {Peters-Lidard, C. D. and Blackburn, E. and Liang, X. and Wood, E. F.},
    title = {The Effect of Soil Thermal Conductivity Parameterization on Surface Energy Fluxes and Temperatures},
    journal = {Journal of the Atmospheric Sciences},
    year = {1998},
    volume = {55},
    number = {7},
    doi = {10.1175/1520-0469(1998)055<1209:TEOSTC>2.0.CO;2},
    pages  = {1209--1224}
}

@article{Barry2015thermal,
    author = {Barry-Macaulay, D. and Bouazza, A. and Wang, B. and Singh, R. M.},
    title = {Evaluation of soil thermal conductivity models},
    journal = {Canadian Geotechnical Journal},
    year = {2015},
    volume = {52},
    number = {11},
    pages  = {1892--1900},
    publisher = {NRC Research Press},
    doi = {10.1139/cgj-2014-0518}
}

@article{Montzka2017scale,
    author = {Montzka, Carsten and Herbst, Michael and Weiherm√ºller, Lutz and Verhoef, Anne and Vereecken, Harry},
    title = {A global data set of soil hydraulic properties and sub-grid variability of soil water retention and hydraulic conductivity curves},
    journal = {Earth System Science Data},
    year = {2017},
    volume = {9},
    number = {2},
    pages  = {529--543}
}

@Article{Vionnet2012,
  author = {Vionnet, V. and Brun, E. and Morin, S. and Boone, A. and Faroux, S. and Le Moigne, P. and Martin, E. and Willemet, J.-M.},
  title = {The detailed snowpack scheme {C}rocus and its implementation in {SURFEX} v7.2},
  journal = {Geoscientific Model Development},
  volume = {5},
  year = {2012},
  number = {3},
  pages = {773--791},
  url = {https://gmd.copernicus.org/articles/5/773/2012/},
  doi = {10.5194/gmd-5-773-2012}
}

@article{Kampenhout2017,
author = {van Kampenhout, Leonardus and Lenaerts, Jan T. M. and Lipscomb, William H. and Sacks, William J. and Lawrence, David M. and Slater, Andrew G. and van den Broeke, Michiel R.},
title = {Improving the Representation of Polar Snow and Firn in the {C}ommunity {E}arth {S}ystem {M}odel},
journal = {Journal of Advances in Modeling Earth Systems},
volume = {9},
number = {7},
pages = {2583--2600},
keywords = {snow, firn, ice sheet, polar snow},
url = {https://agupubs.onlinelibrary.wiley.com/doi/abs/10.1002/2017MS000988},
doi = {10.1002/2017MS000988},
year = {2017}
}

@article{Conway2012,
author = {Conway, H. and Gades, A. and Raymond, C. F.},
title = {Albedo of dirty snow during conditions of melt},
journal = {Water Resources Research},
volume = {32},
number = {6},
pages = {1713--1718},
year = {1996},
doi = {10.1029/96WR00712}
}

@article{ruizarias2010,
    author = {Ruiz-Arias, J. A. and Alsamamra, H. and Tovar-Pescador, J. and Pozo-V√°zquez, D.},
    title = {Proposal of a regressive model for the hourly diffuse solar radiation under all sky conditions},
    journal = {Energy Conversion and Management},
    volume = {51},
    number = {5},
    pages = {881--893},
    doi = {10.1016/J.ENCONMAN.2009.11.024},
    year = {2010}
}

@article{eva1998,
    author = {Eva, H. and Lambin, E. F.},
    title = {Remote Sensing of Biomass Burning in Tropical Regions: Sampling Issues and Multisensor Approach},
    journal = {Remote Sensing of Environment},
    volume = {64},
    number = {3},
    pages = {292--315},
    year = {1998},
    doi = {10.1016/S0034-4257(98)00006-6}
}

@article{gupta2016,
    author = {Gupta, A. S. and Tarboton, D.},
    title = {A tool for downscaling weather data from large-grid reanalysis products to finer spatial scales for distributed hydrological applications},
    journal = {Environmental Modelling \& Software},
    volume = {84},
    pages = {50--69},
    year = {2016},
    doi = {10.1016/j.envsoft.2016.06.014}
}

@article{zhang3d2022,
    author = {Zhang, Xindan and Huang, Anning and Dai, Yongjiu and Li, Weiping and Gu, Chunlei and Yuan, Hua and Wei, Nan and Zhang, Yanlin and Qiu, Bo and Cai, Shuxin},
    title = {Influences of 3{D} Sub-Grid Terrain Radiative Effect on the Performance of {CoLM} Over {H}eihe {R}iver Basin, {T}ibetan {P}lateau},
    journal = {Journal of Advances in Modelling Earth Systems},
    volume = {14},
    number = {1},
    doi = {10.1029/2021MS002654},
    year = {2022}
}

@article{mei2020,
    author = {Mei, Yiwen and Maggioni, V. and Houser, P. and Xue, Yuan and Rouf, T.},
    title = {A Nonparametric Statistical Technique for Spatial Downscaling of Precipitation Over High Mountain {A}sia},
    journal = {Water Resources Research},
    volume = {56},
    number = {11},
    year = {2020},
    doi = {10.1029/2020WR027472}
}

@article{rf2001,
    author = {Breiman, L.},
    title = {Random Forests},
    journal = {Machine learning},
    volume = {45},
    pages = {5--32},
    year = {2001},
    doi = {10.1023/A:1010933404324}
}

@article{tao2018,
    author = {Tao, J. and Barros, A. P.},
    title = {Multi-year atmospheric forcing datasets for hydrologic modeling in regions of complex terrain ‚Äì Methodology and evaluation over the {I}ntegrated {P}recipitation and {H}ydrology {E}xperiment 2014 domain},
    journal = {Journal of Hydrology},
    year = {2018},
    volume = {567},
    pages = {824--842},
    doi = {10.1016/j.jhydrol.2016.12.058}
}

@article{sl2014,
    title = {Assessing a dry surface layer-based soil resistance parameterization for the {Community} {Land} {Model} using {GRACE} and {FLUXNET}-{MTE} data},
    volume = {119},
    issn = {2169897X},
    number = {17},
    journal = {Journal of Geophysical Research: Atmospheres},
    author = {Swenson, S. C. and Lawrence, D. M.},
    month = sep,
    year = {2014},
    pages = {10,299--10,312},
    doi = {10.1002/2014JD022314}

}

@article{tang2013,
    title = {A new top boundary condition for modeling surface diffusive exchange of a generic volatile tracer: theoretical analysis and application to soil evaporation},
    volume = {17},
    issn = {1607-7938},
    shorttitle = {A new top boundary condition for modeling surface diffusive exchange of a generic volatile tracer},
    url = {https://hess.copernicus.org/articles/17/873/2013/},
    number = {2},
    urldate = {2023-05-31},
    journal = {Hydrology and Earth System Sciences},
    author = {Tang, J. Y. and Riley, W. J.},
    month = feb,
    year = {2013},
    pages = {873--893},
    doi = {10.5194/hess-17-873-2013}
}

@article{sz2009,
    title = {Effects of soil wetness, plant litter, and under-canopy atmospheric stability on ground evaporation in the {C}ommunity {L}and {M}odel ({CLM3}.5): NEW SCHEMES FOR {CLM}3.5 SOIL EVAPORATION},
    volume = {114},
    issn = {01480227},
    url = {http://doi.wiley.com/10.1029/2008JD010834},
    number = {D1},
    urldate = {2023-05-31},
    journal = {Journal of Geophysical Research: Atmospheres},
    author = {Sakaguchi, Koichi and Zeng, Xubin},
    month = jan,
    year = {2009},
    doi  = {10.1029/2008JD010834}
}


@article{POE2005,
	title = {Predictive-Descriptive Models for Gas and Solute Diffusion Coefficients in Variably Saturated Porous Media Coupled to Pore-Size Distribution},
	volume = {170},
	url = {https://ui.adsabs.harvard.edu/abs/2005SoilS.170..854M},
	urldate = {2023-12-25},
	journal = {Soil Science},
	author = {Moldrup, Per and Olesen, Torben and Yoshikawa, Seiko and Komatsu, Toshiko and Rolston, Dennis E.},
	month = nov,
	year = {2005},
	pages = {854--866},
    doi = {10.1097/01.ss.0000196768.44165.1f}
}

@article{lp1992,
    author = "Tsengdar J.  Lee and Roger A.  Pielke",
    title = "Estimating the Soil Surface Specific Humidity",
    journal = "Journal of Applied Meteorology and Climatology",
    year = "1992",
    publisher = "American Meteorological Society",
    address = "Boston MA, USA",
    volume = "31",
    number = "5",
    pages=  "480--484",
    url = "https://journals.ametsoc.org/view/journals/apme/31/5/1520-0450_1992_031_0480_etsssh_2_0_co_2.xml",
    doi = {10.1175/1520-0450(1992)031<0480:ETSSSH>2.0.CO;2}
}
}
@article{s1992,
    title = {Relations between surface conductance and spectral vegetation indices at intermediate (100 $\rm m^2$ to 15 $\rm km^2$) length scales},
    author = {Sellers, Piers J. and Heiser, Mark D. and Hall, Forrest G.},
    journal = {Journal of Geophysical Research: Atmospheres},
    volume = {97},
    number = {D17},
    pages = {19033--19059},
    url = {https://agupubs.onlinelibrary.wiley.com/doi/abs/10.1029/92JD01096},
    eprint = {https://agupubs.onlinelibrary.wiley.com/doi/pdf/10.1029/92JD01096},
    year = {1992},
    doi = {10.1029/92JD01096}
}

@article{BBC1999,
    title = {MODELING DIFFUSION AND REACTION IN SOILS: {IX}. THE {B}UCKINGHAM-{B}URDINE-{C}AMPBELL EQUATION FOR GAS DIFFUSIVITY IN UNDISTURBED SOIL},
    volume = {164},
    issn = {0038-075X},
    shorttitle = {{MODELING} {DIFFUSION} {AND} {REACTION} {IN} {SOILS}},
    url = {http://journals.lww.com/00010694-199908000-00002},
    number = {8},
    urldate = {2023-07-21},
    journal = {Soil Science},
    author = {Moldrup, P. and Olesen, T. and Yamaguchi, T. and Schj√∏nning, P. and Rolston, D. E.},
    month = aug,
    year = {1999},
    pages = {542--551},
    doi = {10.1097/00010694-199908000-00002}
}

@article{moldrup2000,
    title = {Predicting the Gas Diffusion Coefficient in Repacked Soil Water-Induced Linear Reduction Model},
    volume = {64},
    copyright = {Soil Science Society of America},
    issn = {1435-0661},
    url = {https://onlinelibrary.wiley.com/doi/abs/10.2136/sssaj2000.6451588x},
    number = {5},
    urldate = {2023-07-21},
    journal = {Soil Science Society of America Journal},
    author = {Moldrup, P. and Olesen, T. and Gamst, J. and Schj√∏nning, P. and Yamaguchi, T. and Rolston, D.e.},
    year = {2000},
    pages = {1588--1594},
    doi   = {10.2136/sssaj2000.6451588x}
}

@article{millington_permeability_1961,
	title = {Permeability of porous solids},
	volume = {57},
	issn = {0014-7672},
	url = {https://pubs.rsc.org/en/content/articlelanding/1961/tf/tf9615701200},
	number = {0},
	urldate = {2023-07-21},
	journal = {Transactions of the Faraday Society},
	author = {Millington, R. J. and Quirk, J. P.},
	month = jan,
	year = {1961},
	pages = {1200--1207},
    doi   = {10.1039/TF9615701200}
}

@article{jagermeyr2021climate,
  title={Climate impacts on global agriculture emerge 
        earlier in new generation of climate and crop models},
  author={J{\"a}germeyr, Jonas and M{\"u}ller, Christoph 
        and Ruane, Alex C and Elliott, Joshua and Balkovic, Juraj and Castillo, Oscar and Faye, Babacar and Foster, Ian and Folberth, Christian and Franke, James A and others},
  journal={Nature Food},
  volume={2},
  number={11},
  pages={873--885},
  year={2021},
  publisher={Nature Publishing Group UK London},
  doi={10.1038/s43016-021-00400-y}
}

@article{ozdogan2010simulating,
  title={Simulating the effects of irrigation over the 
       {U}nited {S}tates in a land surface model based on satellite-derived agricultural data},
  author={Ozdogan, Mutlu and Rodell, Matthew and 
       Beaudoing, Hiroko Kato and Toll, David L},
  journal={Journal of Hydrometeorology},
  volume={11},
  number={1},
  pages={171--184},
  year={2010},
  publisher={American Meteorological Society},
  doi={10.1175/2009JHM1116.1}
}

@article{hurtt2011harmonization,
  title={Harmonization of land-use scenarios for the period 1500--2100: 600 
        years of global gridded annual land-use transitions, wood harvest, and resulting secondary lands},
  author={Hurtt, George C and Chini, Louise Parsons and Frolking, Steve and 
        Betts, RA and Feddema, Johannes and Fischer, G and Fisk, JP and Hibbard, K and Houghton, RA and Janetos, A and others},
  journal={Climatic Change},
  volume={109},
  pages={117--161},
  year={2011},
  publisher={Springer},
  doi={10.1007/s10584-011-0153-2}
}

@article{lawrence2016land,
  title={The {L}and {U}se {M}odel {I}ntercomparison {P}roject ({LUMIP}) contribution to 
         {CMIP}6: rationale and experimental design},
  author={Lawrence, David M and Hurtt, George C and Arneth, Almut and Brovkin, 
         Victor and Calvin, Kate V and Jones, Andrew D and Jones, Chris D and Lawrence, Peter J and de Noblet-Ducoudr{\'e}, Nathalie and Pongratz, Julia and others},
  journal={Geoscientific Model Development},
  volume={9},
  number={9},
  pages={2973--2998},
  year={2016},
  publisher={Copernicus GmbH},
  doi={10.5194/gmd-9-2973-2016}
}

@article{dozier1990,
    author = {Dozier, J. and Frew, J.},
    title = {Rapid calculation of terrain parameters for radiation modeling from digital elevation data},
    journal = {IEEE Transactions on Geoscience and Remote Sensing},
    year = {1990},
    volume={28},
    number={5},
    pages={963-969},
    doi={10.1109/36.58986}
}

@misc{brightLandScanGlobal20002001,
	address = {Oak Ridge, TN},
	title = {{LandScan} {Global} 2000},
	url = {landscan.ornl.gov},
	doi = {10.48690/1524196},
	publisher = {Oak Ridge National Laboratory},
	author = {Bright, Edward and Coleman, Phillip},
	year = {2001},
	note = {{J}uly 01, 2001}
}

@misc{townshend2016gfcc,
  author       = {Townshend, J.},
  title        = {Global {F}orest {C}over {C}hange ({GFCC}) Tree Cover Multi-Year Global 30 m {V}003},
  year         = {2016},
  howpublished = {NASA EOSDIS Land Processes Distributed Active Archive Center},
  doi = {10.5067/MEaSUREs/GFCC/GFCC30TC.003}
}

@article{lin2023ReprocessedMODISVersion,
  title = {Reprocessed {{MODIS}} version 6.1 leaf area index dataset and its evaluation for land surface and climate modeling},
  author = {Lin, Wanyi and Yuan, Hua and Dong, Wenzong and Zhang, Shupeng and Liu, Shaofeng and Wei, Nan and Lu, Xingjie and Wei, Zhongwang and Hu, Ying and Dai, Yongjiu},
  year = {2023},
  journal = {Remote Sensing},
  volume = {15},
  number = {7},
  pages = {1780},
  doi = {10.3390/rs15071780},
  publisher = {{Multidisciplinary Digital Publishing Institute}}
}

@article{poulter2011PlantFunctionalType,
  title = {Plant functional type mapping for earth system models},
  author = {Poulter, B. and Ciais, P. and Hodson, E. and Lischke, H. and Maignan, F. and Plummer, S. and Zimmermann, N. E.},
  year = {2011},
  journal = {Geoscientific Model Development},
  volume = {4},
  number = {4},
  doi = {10.5194/gmd-4-993-2011},
  pages = {993--1010}
}

@article{poulter2015PlantFunctionalType,
  title = {Plant functional type classification for earth system models: results from the {E}uropean {S}pace {A}gency's {L}and {C}over {C}limate {C}hange {I}nitiative},
  shorttitle = {Plant functional type classification for earth system models},
  author = {Poulter, B. and MacBean, N. and Hartley, A. and Khlystova, I. and Arino, O. and Betts, R. and Bontemps, S. and Boettcher, M. and Brockmann, C. and Defourny, P. and Hagemann, S. and Herold, M. and Kirches, G. and Lamarche, C. and Lederer, D. and Ottl{\'e}, C. and Peters, M. and Peylin, P.},
  year = {2015},
  journal = {Geoscientific Model Development},
  volume = {8},
  number = {7},
  doi = {10.5194/gmd-8-2315-2015},
  pages = {2315--2328}
}

@article{still2003GlobalDistributionC3,
  title = {Global distribution of {C3} and {C4} vegetation: carbon cycle implications},
  shorttitle = {Global distribution of {{C3}} and {{C4}} vegetation},
  author = {Still, Christopher J. and Berry, Joseph A. and Collatz, G. James and DeFries, Ruth S.},
  year = {2003},
  journal = {Global Biogeochemical Cycles},
  volume = {17},
  number = {1},
  doi = {10.1029/2001GB001807},
  pages = {6-1-6-14}
}

@article{demuzere2020combining,
  title={Combining expert and crowd-sourced training data to map urban form and functions for the continental {US}},
  author={Demuzere, Matthias and Hankey, Steve and Mills, Gerald and Zhang, Wenwen and Lu, Tianjun and Bechtel, Benjamin},
  journal={Scientific Data},
  volume={7},
  number={1},
  pages={264},
  year={2020},
  publisher={Nature Publishing Group UK London},
  doi = {10.1038/s41597-020-00605-z}
}

@article{stewart2012local,
  title={Local climate zones for urban temperature studies},
  author={Stewart, Ian D and Oke, Tim R},
  journal={Bulletin of the American Meteorological Society},
  volume={93},
  number={12},
  pages={1879--1900},
  year={2012},
  publisher={American Meteorological Society},
  doi = {10.1175/BAMS-D-11-00019.1}
}

@article{lang2023high,
  title={A high-resolution canopy height model of the Earth},
  author={Lang, Nico and Jetz, Walter and Schindler, Konrad and Wegner, Jan Dirk},
  journal={Nature Ecology \& Evolution},
  pages={1--12},
  year={2023},
  publisher={Nature Publishing Group UK London},
  doi = {10.1038/s41559-023-02206-6}
}

@article{Dai2020,
  title = {ÈôÜÈù¢ËøáÁ®ãÊ®°ÂºèÁ†îÂèë‰∏≠ÁöÑÈóÆÈ¢ò},
  shorttitle = {ÈôÜÈù¢ËøáÁ®ãÊ®°ÂºèÁ†îÂèë‰∏≠ÁöÑÈóÆÈ¢ò},
  author = {Êà¥Ê∞∏‰πÖ},
  year = {2020},
  journal = {Â§ßÊ∞îÁßëÂ≠¶Â≠¶Êä•},
  volume = {43},
  number = {1},
  pages = {33--38},
  key = {Dai Yong Jiu},
  doi = {10.13878/j.cnki.dqkxxb.20200103006},
  language = {zh}
}

@article{zhang2023glc_fcs30d,
  title={{GLC\_FCS30D}: The first global 30-m land-cover dynamic monitoring product with a fine classification system from 1985 to 2022 using dense time-series {L}andsat imagery and continuous change-detection method},
  author={Zhang, Xiao and Zhao, Tingting and Xu, Hong and Liu, Wendi and Wang, Jinqing and Chen, Xidong and Liu, Liangyun},
  journal={Earth System Science Data Discussions},
  volume={2023},
  pages={1--32},
  year={2023},
  doi = {10.5194/essd-2023-320}
}

@inproceedings{campbell_Shiozawa_1992,
  title= {Prediction of hydraulic properties of soils using particle-size distribution and bulk density data},
  author= {Campbell, GS and Shiozawa, S},
  booktitle={Proceedings of the International Workshop on Indirect Methods for Estimating the Hydraulic Properties of Unsaturated Soils},
  pages={317--328},
  year={1992},
  organization={U.S. Salinity Lab., Riverside, CA}
}

@incollection{Rawls_Brakensiek_1989,
  title={Estimation of soil water retention and hydraulic properties},
  author={Rawls, W J and Brakensiek, D L},
  booktitle={Unsaturated flow in hydrologic modeling: Theory and practice},
  pages={275--300},
  year={1989},
  publisher={Dordrecht: Springer}
}

@article{Mayr_Jarvis_1999,
  title={Pedotransfer functions to estimate soil water retention parameters for a modified Brooks‚ÄêCorey type model},
  author={Mayr, T. and Jarvis, N. J.},
  journal={Geoderma},
  volume={91},
  number={1--2},
  pages={1--9},
  year={1999},
  doi={10.1016/S0016-7061(98)00129-3}
}

@inproceedings{Williams_Ross_1992,
  title= {Prediction of the Campbell water retention function from texture, structure, and organic matter},
  author= {Williams, J. and Ross, P. and Bristow, K.},
  booktitle={Proceedings of the International Workshop on Indirect Methods for Estimating the Hydraulic Properties of Unsaturated Soils},
  pages={427--441},
  year={1992},
  organization={U.S. Salinity Lab., Riverside, CA}
}

@article{Carsel_Parrish_1988,
  title={Developing joint probability distributions of soil water retention characteristics},
  author={Carsel, R. F. and Parrish, R. S.},
  journal={Water Resources Research},
  volume={24},
  number={5},
  pages={755--769},
  year={1988},
  doi={10.1029/WR024i005p00755}
}

@article{W√∂sten_Lilly_1999,
  title={Development and use of a database of hydraulic properties of {E}uropean soils},
  author={W√∂sten, J. and Lilly, A. and Nemes, A. and le Bas, C.},
  journal={Geoderma},
  volume={90},
  number={3--4},
  pages={169--185},
  year={1999},
  doi={10.1016/S0016-7061(98)00132-3}
}

@article{Weynants_Vereecken_2009,
  title={Revisiting Vereecken pedotransfer functions: Introducing a closed‚Äêform hydraulic model},
  author={Weynants, M. and Vereecken, H. and Javaux, M.},
  journal={Vadose Zone Journal},
  volume={8},
  number={1},
  pages={86--95},
  year={2009},
  doi={10.2136/vzj2008.0062}
}

@article{Zhang_Schaap_2017,
  title={Weighted recalibration of the {R}osetta pedotransfer model with improved estimates of hydraulic parameter distributions and summary statistics ({R}osetta3)},
  author={Zhang, Y. and Schaap, M. G.},
  journal={Journal of Hydrology},
  volume={547},
  pages={39--53},
  year={2017},
  doi={10.1016/j.jhydrol.2017.01.004}
}

@article{Gupta_Larson_1979,
  title={Estimating soil water retention characteristics from particle‚Äêsize distribution, organic matter percent, and bulk density},
  author={Gupta, S. C. and Larson, W. E.},
  journal={Water Resources Research},
  volume={15},
  number={6},
  pages={1633--1635},
  year={1979},
  doi={10.1029/WR015i006p01633}
}

@article{Rawls_Brakensiek_1982,
  title={Estimation of soil water properties},
  author={Rawls, W. J. and Brakensiek, D. L. and Saxton, K. E.},
  journal={Transactions of ASAE},
  volume={25},
  number={5},
  pages={1316--1320},
  year={1982},
  doi={10.13031/2013.33720}
}

@article{Rawls_Brakensiek_1983,
  title={Agricultural management effects on soil water processes. {P}art {I}: {S}oil water retention and {G}reen‚Äê-{A}mpt parameters},
  author={Rawls, W. J. and Brakensiek, D. L. and Soni, B.},
  journal={Transactions of ASAE},
  volume={26},
  pages={1747--1752},
  year={1983},
  doi={10.13031/2013.33837}
}

@article{Tomasella_Hodnett_1998,
  title={Estimating soil water retention characteristics from limited data in {B}razilian {A}mazonia},
  author={Tomasella, J. and Hodnett, M.},
  journal={Soil Science},
  volume={163},
  number={3},
  pages={190--202},
  year={1998},
  doi={10.1097/00010694-199803000-00003}
}

@article{Ahuja_1989,
  title={Evaluation of spatial distribution of hydraulic conductivity using effective porosity data},
  author={Ahuja, L. R. and Cassel, D. K. and Bruce, R. R. and Barnes, B. B.},
  journal={Soil Science},
  volume={148},
  number={6},
  pages={404--411},
  year={1989},
  doi={10.1097/00010694-198912000-00002}
}

@article{Suleiman_2001,
  title={Estimating saturated hydraulic conductivity from soil porosity},
  author={Suleiman, A. A. and Ritchie, J. T.},
  journal={Transactions of ASAE},
  volume={44},
  number={2},
  pages={235--239},
  year={2001},
  doi={10.13031/2013.4683}
}

@article{Spychalski_2007,
  title={Estimation of saturated hydraulic conductivity on the basis of drainage porosity},
  author={Spychalski, M. and Kazmierowski, C. and Kaczmarek, Z.},
  journal={Electronic Journal of Polish Agricultural Universities},
  volume={10},
  number={1},
  year={2007}
}

@inproceedings{Dane_Puckett_1994,
  title= {Field soil hydraulic properties based on physical and mineralogical information},
  author= {Dane, J. H. and Puckett, W.},
  booktitle={Proceedings of the International Workshop on Indirect Methods for Estimating the Hydraulic Properties of Unsaturated Soils},
  pages={389--403},
  year={1992},
  organization={U.S. Salinity Lab., Riverside, CA}
}

@article{Jabro_1992,
  title={Estimation of saturated hydraulic conductivity of soils from particle size distribution and bulk density data},
  author={Jabro, J. D.},
  journal={Transactions of ASAE},
  volume={35},
  number={2},
  pages={557--560},
  year={1992},
  doi={10.13031/2013.28633}
}

@article{Brakensiek_1984,
  title={Modifying {SCS} hydrologic soil groups and curve numbers for rangeland soils},
  author={Brakensiek, D. L. and Rawls, W. J. and Stephenson, G. R.},
  journal={ASAE paper},
  volume={PNR‚Äê84‚Äê203},
  year={1984}
}

@article{Julia_2004,
  title={Constructing a saturated hydraulic conductivity map of {S}pain using Pedotransfer functions and spatial prediction},
  author={Julia, M. F. and Monreal, T. E. and del Corral Jimenez, A. S. and Melendez, E. G.},
  journal={Geoderma},
  volume={123},
  number={3--4},
  pages={257--277},
  year={2004},
  doi={10.1016/j.geoderma.2004.02.011}
}

@article{Campbell_1985,
  title={Soil physics with {BASIC}: transport models for soil‚Äêplant systems},
  author={Campbell, G. S.},
  journal={Soil Science},
  volume={14},
  pages={49--59},
  year={1985},
  publisher={Amsterdam: Elsevier},
  doi={10.1016/s0166-2481(08)x7009-6}
}

@article{Vereecken_Maes_1990,
  title={Estimating unsaturated hydraulic conductivity from easily measured soil properties},
  author={Vereecken, H. and Maes, J. and Feyen, J.},
  journal={Soil Science},
  volume={149},
  number={1},
  pages={1--12},
  doi = {10.1097/00010694-199001000-00001},
  year={1990}
}

@article{Merdun_2010,
  title={Alternative methods in the development of pedotransfer functions for soil hydraulic characteristics},
  author={Merdun, H.},
  journal={Eurasian Soil Science},
  volume={43},
  number={1},
  pages={62--71},
  year={2010},
  doi={10.1134/S1064229310010084}
}

@article{Aimrun_2009,
  title={Pedo‚Äêtransfer function for saturated hydraulic conductivity of lowland paddy soils},
  author={Aimrun, W. and Amin, M. S. M.},
  journal={Paddy and Water Environment},
  volume={7},
  number={3},
  pages={217--225},
  year={2009},
  doi = {10.1007/s10333-009-0165-y}
}

@article{Rahmati_2018,
  title={Development and analysis of the {S}oil {W}ater {I}nfiltration {G}lobal database},
  author={Rahmati, M. and Weiherm√ºller, L. and Vanderborght, J. and Pachepsky, Y. A. and Mao, L. and Sadeghi, S. H. and {co-authors}},
  journal={Earth System Science Data},
  volume={10},
  number={3},
  pages={1237--1263},
  year={2018},
  doi={10.5194/essd-10-1237-2018}
}

@article{idso1981SetEquationsFull,
  title = {A Set of Equations for Full Spectrum and 8-to 14-{$\mu$}m and 10.5-to 12.5-{$\mu$}m Thermal Radiation from Cloudless Skies},
  author = {Idso, Sherwood B.},
  year = {1981},
  journal = {Water Resources Research},
  volume = {17},
  number = {2},
  pages = {295--304},
  doi = {10.1029/WR017i002p00295}
}

@article{LiuLi_2023,
  title = {C-{C}oupler3.0: an integrated coupler infrastructure for {E}arth system modelling},
  author = {Liu, L. and Sun, C. and Yu, X. and Yu, H. and Jiang, Q. and Li, X. and Li, R. and Wang, B. and Shen, X. and Yang, G.},
  year = {2023},
  journal = {Geoscientific Model Development},
  volume = {16},
  number = {10},
  pages = {2833--2850},
  doi = {10.5194/gmd-16-2833-2023}
}

@article{tangyanli_2015,
  title = {{CPL}7ÂèäÂÖ∂Âú®‰∏≠ÂõΩÂú∞ÁêÉÁ≥ªÁªüÊ®°Âºè‰∏≠ÁöÑÂ∫îÁî®ÂâçÊôØ},
  author = {ÂîêÂΩ¶‰∏Ω and Ëë£ÊñáÊù∞ and ÊùéÁ´ãÂ®ü and ËñõÂ∑ç and ÁéãÊñå},
  year = {2015},
  journal = {Âú∞ÁêÉÁßëÂ≠¶ËøõÂ±ï},
  volume = {30},
  number = {5},
  pages = {620--625},
  key = {Tang Yan Li},
  language = {zh},
  doi = {10.11867/j.issn.1001-8166.2015.05.0620}
}

@article{chenyiran_2017,
  title = {{CAS}--{ESM}ËÄ¶ÂêàÊé•Âè£ÊäÄÊúØÁ†îÁ©∂},
  author = {ÈôàÊÄ°ÁÑ∂ and ÂßúÈáëËç£ and ËµµÊôìÊ∫™ and ÁéãÁéâÊü± and ÈÉùÂçâÁæ§},
  year = {2017},
  journal = {ËÆ°ÁÆóÊú∫ÁßëÂ≠¶‰∏éÊé¢Á¥¢},
  volume = {11},
  number = {2},
  pages = {242--251},
  key = {Chen Yiran},
  language = {zh},
  doi = {10.3778/j.issn.1673-9418.1512060}
}

@article{Henderson-Sellers_95,
    author = {Henderson-Sellers, A. and A. J. Pitman and P. K. Love and P. Irannejad and T. Chen}, 
    title = {The {P}roject for {I}ntercomparison of {L}and {S}urface {P}arameterisaton {S}chemes ({PILPS}) Phases 2 and 3},
    journal = {Bulletin of American Meteorological Society},
    volume = {76},
    pages = {489--503},
    year = {1995},
    doi = {10.1007/s003820050147}
}

@article{Dai-Zeng_97_IAP94,
    author = {Dai, Y. and Q.-C. Zeng},
    title = {A land surface model ({IAP}94) for climate studies, {P}art {I}: formulation and validation in off-line experiments},
    journal = {Advances in Atmospheric Sciences},
    volume  = {14},
    pages = {433--460}, 
    year = {1997},
    doi = {10.1007/s00376-997-0063-4}
}

@article{Henderson-Sellers_1993_PILPS,
    author = {Henderson-Sellers, A. and Yang, Z.-L. and Dickinson, R. E.},
    title = {The project for intercomparison of land-surface parameterization schemes},
    journal = {Bulletin of American Meteorological Society},
    volume = {74},
    pages = {1335--1349},
    year = {1993},
    doi = {10.1175/1520-0477(1993)074<1335:TPFIOL>2.0.CO;2}
}

@article{Sellers88FIFE,
    author = {Sellers, P. J. and Hall, F. G. and Asrar, G. and Strebel, D. E. and Murphy, R. E.},
    title = {The {F}irst {ISLSCP} {F}ield {E}xperiment ({FIFE})},
    journal = {Bulletin of American Meteorological Society},
    volume = {69},
    pages = {22--27},
    year = {1988},
    doi = {10.1175/1520-0477(1988)069<0022:TFIFE>2.0.CO;2}
}

@article{Sellers95BOREAS,
    author = {Sellers, Piers and Hall, Forrest and Margolis, Hank and Kelly, Bob and Baldocchi, Dennis and den Hartog, Gerry and Cihlar, Josef and Ryan, Michael G and Goodison, Barry and Crill, Patrick and others},
    title = {The {B}oreal {E}cosystem-{A}tmosphere {S}tudy ({BOREAS}): An overview and early results from the 1994 field year},
    journal = {Bulletin of American Meteorological Society},
    volume = {76},
    pages = {1549-1577}, 
    year = {1995},
    doi = {10.1175/1520-0477(1995)076<1549:TBESAO>2.0.CO;2}
}

@article{Andre1986hapex,
  title={{HAPEX}‚Äî{MOBILHY}: a hydrologic atmospheric experiment the study of water budget and evaporation flux at the climatic scale},
  author={Andr{\'e}, Jean-Claude and Goutorbe, Jean-Paul and Perrier, Alain},
  journal={Bulletin of the American Meteorological Society},
  volume={67},
  number={2},
  pages={138--144},
  year={1986},
  publisher={American Meteorological Society},
  doi={10.1175/1520-0477-67.2.138}
}

@incollection{Gash96ABRACOS,
    author = {Gash, J. H. C and C. A. Nobre and J. M. Roberts and R. L. Victoria},
    title = {An overview of the {A}nglo-{B}razilian {A}mazonian {C}limate {O}bservation {S}tudy ({ABRACOS})},
    booktitle = {Amazonian Deforestation and Climate},
    editor = {J. H. C. Gash and C. A. Nobre and J. M. Roberts and R. L. Victoria},
    pages = {1--14},
    publisher = {John Wiley \& Sons},
    year = {1996}
}

@article{Unland1996surface,
  title={Surface flux measurement and modeling at a semi-arid {S}onoran {D}esert site},
  author={Unland, Helene E and Houser, Paul R and Shuttleworth, William J and Yang, Zong-L},
  journal={Agricultural and Forest Meteorology},
  volume={82},
  number={1-4},
  pages={119--153},
  year={1996},
  publisher={Elsevier},
  doi={10.1016/0168-1923(96)02330-1}
}

@article{Dirmeyer1999global,
  title={The global soil wetness project: A pilot project for global land surface modeling and validation},
  author={Dirmeyer, P A and Dolman, A J and Sato, N},
  journal={Bulletin of the American Meteorological Society},
  volume={80},
  number={5},
  pages={851--878},
  year={1999},
  doi={10.1175/1520-0477(1999)080<0851:TPPOTG>2.0.CO;2}
}

@techreport{Dai2001CoLM,
    author = {Dai, Y. and X. Zeng and R. E. Dickinson and others},
    title = {The {C}ommon {L}and {M}odel: Documentation and User's Guide},
    year = { 2001},
    institution = {},
    type={Technical note},
    howpublished = {http://globalchange.bnu.edu.cn/research/models}
}

@techreport{Collins2004CAM,
    author = {Collins, W. D. and P. J. Rasch and B. A. Boville and J. J. Hack and J. R. MaCaa and D. L. Williamson and J. T. Kiehl and B. P. Briegleb and C. Bitz and S. J. Lin and M. Zhang and Y. Dai},
    title = {Description of the {NCAR} {C}ommunity {A}tmosphere {M}odel ({CAM} 3.0)},
    institution = {National Center for Atmospheric Research},
    address = {Boulder, CO, United States},
    type = {Technical note},
    number = {NCAR/TN‚Äì464+STR},
    year = {2004}
}

@techreport{Oleson2004CLM,
    author = {Oleson, K. W. and Dai, Y. and Bonan, G. and Bosilovich, M. and Dickinson, R. and Dirmeyer, P. and Hoffman, F. and Houser, P. and Levis, S. and Niu, G.-Y. and Thornton, P. and Vertenstein, M. and Yang, Z.-L. and Zeng, X.},
    title = {Technical description of the {C}ommunity {L}and {M}odel ({CLM})},
    institution = {National Center for Atmospheric Research},
    type = {Technical Note},
    number = {NCAR/TN-461+STR},
    address = {Boulder, Colorado}, 
    pages = {173},
    year = {2004}
}

@article{Bonan2002CLM,
    author = {Bonan, G. B. and K. W. Oleson and M. Vertenstein and S. Levis and X. Zeng and Y. Dai and R. E. Dickinson and Z.-L. Yang},
    title = {The land surface climatology of the {C}ommunity {L}and {M}odel coupled to the {NCAR} community climate model},
    journal = {Journal of Climate},
    volume = {15},
    pages = {3123--3149}, 
    year = {2002},
    doi = {10.1175/1520-0442(2002)015<3123:TLSCOT>2.0.CO;2}
}

@article{Miller1998conterminous,
  title={A conterminous {U}nited {S}tates multilayer soil characteristics dataset for regional climate and hydrology modeling},
  author={Miller, Douglas A and White, Richard A},
  journal={Earth Interactions},
  volume={2},
  number={2},
  pages={1--26},
  year={1998},
  publisher={American Meteorological Society},
  doi={10.1175/1087-3562(1998)002<0001:ACUSMS>2.3.CO;2}
}

@misc{GlobalSoilData2000,
    title = {Global soil data products {CD}-{ROM}},
    author = {{Global Soil Data Task}}, 
    institution = {International Geosphere-Biosphere Programme-Data and Information Available Services},
    year = {2000},
    howpublished = {Available online at http://www.daac.ornl.gov} 
}

@article{shangguan2013china,
  title={A {C}hina data set of soil properties for land surface modeling},
  author={Shangguan, Wei and Dai, Yongjiu and Liu, Baoyuan and Zhu, Axing and Duan, Qingyun and Wu, Lizong and Ji, Duoying and Ye, Aizhong and Yuan, Hua and Zhang, Qian and others},
  journal={Journal of Advances in Modeling Earth Systems},
  volume={5},
  number={2},
  pages={212--224},
  year={2013},
  publisher={Wiley Online Library},
  doi={10.1002/jame.20026}
}

@article{dai2013development,
  title={Development of a {C}hina dataset of soil hydraulic parameters using pedotransfer functions for land surface modeling},
  author={Dai, Yongjiu and Shangguan, Wei and Duan, Qingyun and Liu, Baoyuan and Fu, Suhua and Niu, Guoyue},
  journal={Journal of Hydrometeorology},
  volume={14},
  number={3},
  pages={869--887},
  year={2013},
  doi={10.1175/JHM-D-12-0149.1}
}

@article{Êà¥Ê∞∏‰πÖ2018ÈÄöÁî®ÈôÜÈù¢Ê®°Âºè,
  title={ÈÄöÁî®ÈôÜÈù¢Ê®°Âºè ({CoLM}) ÊπñÊ≥äËøáÁ®ãÊñπÊ°à‰∏éÊÄßËÉΩËØÑ‰º∞},
  author={Êà¥Ê∞∏‰πÖ and È≠èÊ•† and ÈªÑÂÆâÂÆÅ and Êú±Âè∏ÂÖâ and ‰∏äÂÆòÂæÆ and Ë¢ÅÂçé and Âº†Ê†ëÈπè and ÂàòÂ∞ëÈîã},
  journal={ÁßëÂ≠¶ÈÄöÊä•},
  volume={63},
  number={Z2},
  pages={3002--3021},
  year={2018},
  language={zh},
  doi={10.1360/N972018-00609}
}
@article{ÊùéÊñáËÄÄ2020ÂúüÂ£§,
  title={ÂúüÂ£§Êï∞ÊçÆÈõÜÂØπÂÖ®ÁêÉÈôÜÈù¢ËøáÁ®ãÊ®°ÊãüÁöÑÂΩ±Âìç},
  author={ÊùéÊñáËÄÄ and È≠èÊ•† and ÈªÑ‰∏ΩÂ®ú and ‰∏äÂÆòÂæÆ},
  journal={Ê∞îÂÄô‰∏éÁéØÂ¢ÉÁ†îÁ©∂},
  volume={25},
  number={5},
  pages={555--574},
  year={2020},
  language={zh},
  doi={10.3878/j.issn.1006-9585.2020.20025}
}
@Article{LiF2012,
AUTHOR = {Li, F. and Zeng, X. D. and Levis, S.},
TITLE = {A process-based fire parameterization of intermediate complexity in a Dynamic Global Vegetation Model},
JOURNAL = {Biogeosciences},
VOLUME = {9},
YEAR = {2012},
NUMBER = {7},
PAGES = {2761--2780},
URL = {https://bg.copernicus.org/articles/9/2761/2012/},
doi = {10.5194/bg-9-2761-2012}
}

@Article{LiF2013,
AUTHOR = {Li, F. and Levis, S. and Ward, D. S.},
TITLE = {Quantifying the role of fire in the {E}arth system --- {P}art 1: Improved global fire modeling in the {C}ommunity {E}arth {S}ystem {M}odel ({CESM}1)},
JOURNAL = {Biogeosciences},
VOLUME = {10},
YEAR = {2013},
NUMBER = {4},
PAGES = {2293--2314},
URL = {https://bg.copernicus.org/articles/10/2293/2013/},
doi = {10.5194/bg-10-2293-2013}
}

@article {LiF2017,
      author = "Fang Li and David M. Lawrence",
      title = "Role of Fire in the Global Land Water Budget during the Twentieth Century due to Changing Ecosystems",
      journal = "Journal of Climate",
      year = "2017",
      publisher = "American Meteorological Society",
      address = "Boston MA, USA",
      volume = "30",
      number = "6",
      pages="1893--1908",
      url = "https://journals.ametsoc.org/view/journals/clim/30/6/jcli-d-16-0460.1.xml",
      doi = {10.1175/JCLI-D-16-0460.1}
}

@Article{LiF2019,
AUTHOR = {Li, F. and Val Martin, M. and Andreae, M. O. and Arneth, A. and Hantson, S. and Kaiser, J. W. and Lasslop, G. and Yue, C. and Bachelet, D. and Forrest, M. and Kluzek, E. and Liu, X. and Mangeon, S. and Melton, J. R. and Ward, D. S. and Darmenov, A. and Hickler, T. and Ichoku, C. and Magi, B. I. and Sitch, S. and van der Werf, G. R. and Wiedinmyer, C. and Rabin, S. S.},
TITLE = {Historical (1700--2012) global multi-model estimates of the fire emissions
from the {F}ire {M}odeling {I}ntercomparison {P}roject ({F}ire{MIP})},
JOURNAL = {Atmospheric Chemistry and Physics},
VOLUME = {19},
YEAR = {2019},
NUMBER = {19},
PAGES = {12545--12567},
URL = {https://acp.copernicus.org/articles/19/12545/2019/},
doi = {10.5194/acp-19-12545-2019}
}

@article{Liang2023,
AUTHOR = {Liang, J. and Krauss, K. W. and Finnigan, J. and Stuart-Williams, H. and Farquhar, G. D. and Ball, M. C.},
TITLE = {Linking water use efficiency with water use strategy from leaves to communities},
JOURNAL = {New Phytologist},
VOLUME = {240},
YEAR = {2023},
NUMBER = {5},
PAGES = {1735-1742},
URL = {https://nph.onlinelibrary.wiley.com/doi/full/10.1111/nph.19308},
doi = {10.1111/nph.19308}
}

@article{Misson2004,
AUTHOR={Misson, L. and Panek, J. and Goldstein},
TITLE={A comparison of three approaches to modeling leaf gas exchange in annually drought-stressed ponderosa pine forests},
JOURNAL={Tree Physiology},
VOLUME={24},
YEAR={2004},
NUMBER={5},
PAGES={529-541},
doi={10.1093/treephys/24.5.529}
}

@article{Medlyn2011,
AUTHOR={Medlyn, B. E. and Duursma, R. A. and Eamus, D. and Ellsworth, D. S. and Prentice, I. C. and Barton, C. V. and Crous, K. Y. and De Angelis, P. Freeman, M. and Wingate, L.},
TITLE={Reconciling the optimal and empirical approaches to modelling stomatal conductance},
JOURNAL={Global Change Biology},
VOLUME={17},
YEAR={2011},
NUMBER={6},
PAGES={2134-2144},
doi={10.1111/j.1365-2486.2010.02375.x}
}


@Techreport{briegleb2007delta,
  title={A {D}elta-{E}ddington mutiple scattering parameterization for solar radiation in the sea ice component of the community climate system model},
  author={Briegleb, P and Light, Bonnie},
  institution={National Center for Atmospheric Research},
  type={Technical note},
  number={NCAR/TN-4721+STR},
  pages = {100 pp},
  year={2007},
  doi={10.5065/D6B27S71}
}

@article{brun1989InvestigationWetSnowMetamorphism,
  title = {Investigation on Wet-Snow Metamorphism in Respect of Liquid-Water Content},
  author = {Brun, E.},
  year = {1989},
  month = jan,
  journal = {Annals of Glaciology},
  volume = {13},
  pages = {22--26},
  doi = {10.3189/S0260305500007576},
  publisher = {Cambridge University Press}
}

@article{dang2019IntercomparisonImprovementTwostream,
  title = {Intercomparison and Improvement of Two-Stream Shortwave Radiative Transfer Schemes in {{Earth}} System Models for a Unified Treatment of Cryospheric Surfaces},
  author = {Dang, Cheng and Zender, Charles S. and Flanner, Mark G.},
  year = {2019},
  month = sep,
  journal = {The Cryosphere},
  volume = {13},
  number = {9},
  pages = {2325--2343},
  doi = {10.5194/tc-13-2325-2019},
  publisher = {{Copernicus GmbH}}
}

@article{flanner2006LinkingSnowpackMicrophysics,
  title = {Linking Snowpack Microphysics and Albedo Evolution},
  author = {Flanner, Mark G. and Zender, Charles S.},
  year = {2006},
  journal = {Journal of Geophysical Research},
  volume = {111},
  number = {D12},
  doi = {10.1029/2005JD006834},
  pages = {D12208}
}

@article{flanner2007PresentdayClimateForcing,
  title = {Present-Day Climate Forcing and Response from Black Carbon in Snow},
  author = {Flanner, Mark G. and Zender, Charles S. and Randerson, James T. and Rasch, Philip J.},
  year = {2007},
  journal = {Journal of Geophysical Research},
  volume = {112},
  doi = {10.1029/2006JD008003},
  pages = {D11202}
}

@article{flanner2021SNICARADv3CommunityTool,
  title = {{{SNICAR-ADv3}}: A Community Tool for Modeling Spectral Snow Albedo},
  author = {Flanner, Mark G. and Arnheim, Julian B. and Cook, Joseph M. and Dang, Cheng and He, Cenlin and Huang, Xianglei and Singh, Deepak and Skiles, S. McKenzie and Whicker, Chloe A. and Zender, Charles S.},
  year = {2021},
  month = dec,
  journal = {Geoscientific Model Development},
  volume = {14},
  number = {12},
  pages = {7673--7704},
  doi = {10.5194/gmd-14-7673-2021},
  publisher = {{Copernicus GmbH}}
}

@article{grenfell1999RepresentationNonsphericalIce,
  title = {Representation of a Nonspherical Ice Particle by a Collection of Independent Spheres for Scattering and Absorption of Radiation},
  author = {Grenfell, Thomas C. and Warren, Stephen G.},
  year = {1999},
  month = dec,
  journal = {Journal of Geophysical Research: Atmospheres},
  volume = {104},
  number = {D24},
  pages = {31697--31709},
  doi = {10.1029/1999JD900496},
  publisher = {{John Wiley \& Sons, Ltd}}
}

@incollection{he2020SnowAlbedoRadiative,
  title = {Snow {{Albedo}} and {{Radiative Transfer}}: {{Theory}}, {{Modeling}}, and {{Parameterization}}},
  booktitle = {Springer {{Series}} in {{Light Scattering}}: {{Volume}} 5: {{Radiative Transfer}}, {{Remote Sensing}}, and {{Light Scattering}}},
  author = {He, Cenlin and Flanner, Mark},
  editor = {Kokhanovsky, Alexander},
  year = {2020},
  series = {Springer {{Series}} in {{Light Scattering}}},
  pages = {67--133},
  publisher = {{Springer International Publishing}},
  address = {{Cham}},
  isbn = {978-3-030-38696-2},
  doi = {10.1007/978-3-030-38696-2_3}
}

@article{joseph1976DeltaEddingtonApproximationRadiative,
  title = {The {{Delta-Eddington Approximation}} for {{Radiative Flux Transfer}}},
  author = {Joseph, J. H. and Wiscombe, W. J. and Weinman, J. A.},
  year = {1976},
  month = dec,
  journal = {Journal of the Atmospheric Sciences},
  volume = {33},
  number = {12},
  pages = {2452--2459},
  doi = {10.1175/1520-0469(1976)033<2452:TDEAFR>2.0.CO;2},
  publisher = {{American Meteorological Society}},
  chapter = {Journal of the Atmospheric Sciences}
}

@article{meador1980TwostreamApproximationsRadiative,
  title = {Two-Stream Approximations to Radiative Transfer in Planetary Atmospheres: {{A}} Unified Description of Existing Methods and a New Improvement},
  author = {Meador, W. E. and Weaver, W. R.},
  year = {1980},
  journal = {Journal of the atmospheric sciences},
  volume = {37},
  number = {3},
  pages = {630--643},
  doi = {10.1175/1520-0469(1980)037<0630:TSATRT>2.0.CO;2}
}

@article{toon1989RapidCalculationRadiative,
  title = {Rapid Calculation of Radiative Heating Rates and Photodissociation Rates in Inhomogeneous Multiple Scattering Atmospheres},
  author = {Toon, Owen B. and McKay, C. P. and Ackerman, T. P. and Santhanam, K.},
  year = {1989},
  month = nov,
  journal = {Journal of Geophysical Research},
  volume = {94},
  number = {D13},
  doi = {10.1029/JD094iD13p16287},
  pages = {16287}
}

@article{olson2001terrestrial,
  title={Terrestrial Ecoregions of the World: A New Map of Life on Earth},
  author={Olson, David M and Dinerstein, Eric and Wikramanayake, Eric D and Burgess, Neil D and Powell, George VN and Underwood, Emma C and D'amico, Jennifer A and Itoua, Illanga and Strand, Holly E and Morrison, John C and others},
  journal={BioScience},
  volume={51},
  number={11},
  pages={933--938},
  year={2001},
  doi={10.1641/0006-3568(2001)051[0933:TEOTWA]2.0.CO;2},
  publisher={American Institute of Biological Sciences}
}

@techreport{tarnocai2000peatlands,
    author = {Tarnocai, C and Kettles, IM and Lacelle, B},
    title = {Peatlands of {C}anada database},
    institution = {Natural Resources of Canada, Geological Survey of Canada},
    address = {Ottawa, Ont},
    type = {Open File},
    number = {3834, Scale 1: 6 500 000},
    year = {2000}
}

@article{van2010global,
  title={Global fire emissions and the contribution of deforestation, savanna, forest, agricultural, and peat fires (1997--2009)},
  author={Van der Werf, Guido R and Randerson, James T and Giglio, Louis and Collatz, GJ and Mu, Mingquan and Kasibhatla, Prasad S and Morton, Douglas C and DeFries, RS and Jin, Y van and van Leeuwen, Thijs T},
  journal={Atmospheric chemistry and physics},
  volume={10},
  number={23},
  pages={11707--11735},
  year={2010},
  publisher={Copernicus GmbH},
  doi={10.5194/acp-10-11707-2010, 2010}
}

@article{wiscombe1980ModelSpectralAlbedo,
  title = {A Model for the Spectral Albedo of Snow. {{I}}: {{Pure}} Snow},
  author = {Wiscombe, Warren J. and Warren, Stephen G.},
  year = {1980},
  journal = {Journal of the Atmospheric Sciences},
  volume = {37},
  number = {12},
  doi = {10.1175/1520-0469(1980)037<2712:AMFTSA>2.0.CO;2},
  pages = {2712--2733}
}

@article{harper202329yearTimeSeries,
  title = {A 29-year time series of annual 300 m resolution plant-functional-type maps for climate models},
  author = {Harper, Kandice L. and Lamarche, C{\'e}line and Hartley, Andrew and Peylin, Philippe and Ottl{\'e}, Catherine and Bastrikov, Vladislav and San Mart{\'i}n, Rodrigo and Bohnenstengel, Sylvia I. and Kirches, Grit and Boettcher, Martin and Shevchuk, Roman and Brockmann, Carsten and Defourny, Pierre},
  year = {2023},
  journal = {Earth System Science Data},
  volume = {15},
  number = {3},
  doi = {10.5194/essd-15-1465-2023},
  pages = {1465--1499},
  publisher = {{Copernicus GmbH}}
}

@article{brock_willis_sharp_2006,
title={Measurement and parameterization of aerodynamic roughness length variations at {H}aut {G}lacier d'{A}rolla, {S}witzerland}, 
volume={52}, 
number={177}, 
journal={Journal of Glaciology}, 
publisher={Cambridge University Press}, 
author={Brock, Ben W. and Willis, Ian C. and Sharp, Martin J.}, 
year={2006},
doi={10.3189/172756506781828746},
pages={281‚Äì297}}

@misc{WorldBank2004,
    title = {World Development Indicators 2004},
    author = {{World Bank}}, 
    institution = {World Bank},
    year = {2004},
    howpublished = {Oxford University Press, New York.} 
}

@misc{UNSTAT2005,
    title = {Global Economic Prospects: Trade, Regionalism, and Development},
    author = {{World Bank}}, 
    institution = {World Bank},
    year = {2005},
    howpublished = {The World Bank, Washington, USA.} 
}

@article{he2017ImpactSnowGrain,
  title = {Impact of {{Snow Grain Shape}} and {{Black Carbon}}{\textendash}{{Snow Internal Mixing}} on {{Snow Optical Properties}}: {{Parameterizations}} for {{Climate Models}}},
  shorttitle = {Impact of {{Snow Grain Shape}} and {{Black Carbon}}{\textendash}{{Snow Internal Mixing}} on {{Snow Optical Properties}}},
  author = {He, Cenlin and Takano, Yoshi and Liou, Kuo-Nan and Yang, Ping and Li, Qinbin and Chen, Fei},
  year = {2017},
  journal = {Journal of Climate},
  volume = {30},
  number = {24},
  pages = {10019--10036},
  publisher = {{American Meteorological Society}},
  doi = {10.1175/JCLI-D-17-0300.1},
  chapter = {Journal of Climate}
}

@article{whicker2022SNICARADv4PhysicallyBased,
  title = {{{SNICAR-ADv4}}: a physically based radiative transfer model to represent the spectral albedo of glacier ice},
  shorttitle = {{{SNICAR-ADv4}}},
  author = {Whicker, Chloe A. and Flanner, Mark G. and Dang, Cheng and Zender, Charles S. and Cook, Joseph M. and Gardner, Alex S.},
  year = {2022},
  journal = {The Cryosphere},
  volume = {16},
  number = {4},
  pages = {1197--1220},
  publisher = {{Copernicus GmbH}},
  doi = {10.5194/tc-16-1197-2022}
}

@article{li1992GeometricopticalBidirectionalReflectance,
  title = {Geometric-optical bidirectional reflectance modeling of the discrete crown vegetation canopy: effect of crown shape and mutual shadowing},
  shorttitle = {Geometric-optical bidirectional reflectance modeling of the discrete crown vegetation canopy},
  author = {Li, X. and Strahler, A.H.},
  year = {1992},
  journal = {IEEE Transactions on Geoscience and Remote Sensing},
  volume = {30},
  number = {2},
  pages = {276--292},
  doi = {10.1109/36.134078}
}

@article{niu2007ObservationbasedFormulationSnow,
  title = {An observation-based formulation of snow cover fraction and its evaluation over large {{North American}} river basins},
  author = {Niu, Guo-Yue and Yang, Zong-Liang},
  year = {2007},
  journal = {Journal of Geophysical Research},
  volume = {112},
  number = {D21},
  pages = {D21101},
  doi = {10.1029/2007JD008674}
}

@article{manabe1969ClimateOceanCirculation,
  title = {Climate and the Ocean Circulation: {{I}}. {{The}} Atmospheric Circulation and the Hydrology of the Earth's Surface},
  author = {Manabe, Syukuro},
  year = {1969},
  month = nov,
  journal = {Monthly Weather Review},
  volume = {97},
  number = {11},
  pages = {739--774},
  doi = {10.1175/1520-0493(1969)097<0739:CATOC>2.3.CO;2}
}

@article{dai1997LandSurfaceModel,
  title = {A Land Surface Model ({{IAP94}}) for Climate Studies Part {{I}}: {{Formulation}} and Validation in off-Line Experiments},
  author = {Dai, Yongjiu and Zeng, Qingcun},
  year = {1997},
  month = dec,
  journal = {Advances in Atmospheric Sciences},
  volume = {14},
  number = {4},
  pages = {433--460},
  doi = {10.1007/s00376-997-0063-4}
}

@article{sellers1986SimpleBiosphereModel,
  title = {A Simple Biosphere Model ({{SIB}}) for Use within General Circulation Models},
  author = {Sellers, P. J. and Mintz, Y. and Sud, Y. C. and Dalcher, A.},
  year = {1986},
  month = mar,
  journal = {Journal of the Atmospheric Sciences},
  volume = {43},
  number = {6},
  pages = {505--531},
  doi = {10.1175/1520-0469(1986)043<0505:ASBMFU>2.0.CO;2}
}

@article{wiltshire2020JULESGL7GlobalLanda,
  title = {{{JULES-GL7}}: The {{Global Land}} Configuration of the {{Joint UK Land Environment Simulator}} Version 7.0 and 7.2},
  author = {Wiltshire, Andrew J. and Duran Rojas, Maria Carolina and Edwards, John M. and Gedney, Nicola and Harper, Anna B. and Hartley, Andrew J. and Hendry, Margaret A. and Robertson, Eddy and {Smout-Day}, Kerry},
  year = {2020},
  month = feb,
  journal = {Geoscientific Model Development},
  volume = {13},
  number = {2},
  pages = {483--505},
  publisher = {Copernicus GmbH},
  doi = {10.5194/gmd-13-483-2020}
}

@book{europeancommission.jointresearchcentre.GHSLDataPackage2023,
	address = {LU},
	title = {{GHSL} data package 2023.},
	url = {https://data.europa.eu/doi/10.2760/098587},
	language = {en},
	urldate = {2023-06-28},
	publisher = {Publications Office},
	author = {{European Commission. Joint Research Centre.}},
	year = {2023},
	file = {European Commission. Joint Research Centre. - 2023 - GHSL data package 2023..pdf:C\:\\Users\\dongw\\Zotero\\storage\\QHAV2IFI\\European Commission. Joint Research Centre. - 2023 - GHSL data package 2023..pdf:application/pdf},
}

@article{daiLakeSchemeCommon2018,
  title = {The lake scheme of the Common Land Model and its performance evaluation},
  author = {Dai, Yongjiu and Wei, Nan and Huang, Anning and Zhu, Siguang and Shangguan, Wei and Yuan, Hua and Zhang, Shupeng and Liu, Shaofeng},
  year = {2018},
  journal = {Chinese Science Bulletin},
  volume = {63},
  number = {28-29},
  pages = {3002--3021},
  doi = {10.1360/N972018-00609}
}

@article{gaudardOptimizingParameterizationDeep2017,
  title = {Optimizing the Parameterization of Deep Mixing and Internal Seiches in One-Dimensional Hydrodynamic Models: A Case Study with {{Simstrat}} v1.3},
  shorttitle = {Optimizing the Parameterization of Deep Mixing and Internal Seiches in One-Dimensional Hydrodynamic Models},
  author = {Gaudard, Adrien and Schwefel, Robert and Vinn√•, Love R√•man and Schmid, Martin and W√ºest, Alfred and Bouffard, Damien},
  year = {2017},
  journal = {Geoscientific Model Development},
  volume = {10},
  number = {9},
  pages = {3411--3423},
  doi = {10.5194/gmd-10-3411-2017}
}

@article{goudsmit2002application,
  title={Application of k-œµ turbulence models to enclosed basins: The role of internal seiches},
  author={Goudsmit, G-H and Burchard, Hans and Peeters, Frank and W{\"u}est, Alfred},
  journal={Journal of Geophysical Research: Oceans},
  volume={107},
  number={C12},
  pages={23--1},
  year={2002},
  publisher={Wiley Online Library},
  doi = {10.1029/2001JC000954}
}

@article{ling2015multilevel,
  title={A multilevel ocean mixed layer model resolving the diurnal cycle: Development and validation},
  author={Ling, Tiejun and Xu, Min and Liang, Xin-Zhong and Wang, Julian XL and Noh, Yign},
  journal={Journal of Advances in Modeling Earth Systems},
  volume={7},
  number={4},
  pages={1680--1692},
  year={2015},
  publisher={Wiley Online Library},
  doi = {10.1002/2015MS000476}
}

@techreport{mironovCOSMOTechnicalReport2008a,
  title = {{{COSMO Technical Report No}}. 11: {{Parameterization}} of {{Lakes}} in {{Numerical Weather Prediction}}. {{Description}} of a {{Lake Model}}},
  shorttitle = {{{COSMO Technical Report No}}. 11},
  author = {Mironov, Dmitrii V.},
  year = {2008},
  institution = {COSMO Consortium for Small-Scale Modelling}
}

@article{noh2011prediction,
  title={Prediction of the diurnal warming of sea surface temperature using an atmosphere-ocean mixed layer coupled model},
  author={Noh, Yign and Lee, Eunjeong and Kim, Dong-Hoon and Hong, Song-You and Kim, Mee-Ja and Ou, Mi-Lim},
  journal={Journal of Geophysical Research: Oceans},
  volume={116},
  number={C11},
  year={2011},
  publisher={Wiley Online Library},
  doi = {10.1029/2011JC006970}
}

@article{perroud2009simulation,
  title={Simulation of multiannual thermal profiles in deep Lake Geneva: A comparison of one-dimensional lake models},
  author={Perroud, Marjorie and Goyette, St{\'e}phane and Martynov, Andrey and Beniston, Martin and Annevillec, Orlane},
  journal={Limnology and Oceanography},
  volume={54},
  number={5},
  pages={1574--1594},
  year={2009},
  publisher={Wiley Online Library},
  doi = {10.4319/lo.2009.54.5.1574}
}

@article{noh2002simulation,
  title={Simulation of more realistic upper-ocean processes from an OGCM with a new ocean mixed layer model},
  author={Noh, Yign and Jang, Chan Joo and Yamagata, Toshio and Chu, Peter C and Kim, Cheol-Ho},
  journal={Journal of physical oceanography},
  volume={32},
  number={5},
  pages={1284--1307},
  year={2002},
  publisher={American Meteorological Society},
  doi = {10.1175/1520-0485(2002)032<1284:SOMRUO>2.0.CO;2}
}

@article{macdonald2000ModellingMeanVelocity,
  title = {Modelling the mean velocity profile in the urban canopy layer},
  author = {Macdonald, R. W.},
  year = {2000},
  journal = {Boundary-Layer Meteorology},
  volume = {97},
  number = {1},
  pages = {25--45},
  doi = {10.1023/A:1002785830512}
}